2940 4808
196 305 236 367 48
501 307 636 362 DANTIS
654 306 872 362 MONARCHIA
890 306 922 360 ΙΙ.
942 323 965 361 c.
984 311 1007 360 l.

163 485 178 534 5
195 486 323 566 praeter
339 478 481 546 ordinem
503 479 536 544 in
550 481 644 546 rebus
659 478 866 546 communiter
878 478 1065 562 institutum,
1082 479 1235 545 divinitus
1250 479 1317 547 fit.“

196 581 290 649 Unde
318 581 387 665 ipse
416 581 544 664 probat,
575 581 635 648 soli
663 581 732 647 Deo
763 585 958 664 competere,
991 580 1145 647 miracula
1175 585 1316 668 operari:

198 683 283 767 quod
310 683 498 750 auctoritate
519 683 671 768 Moysis
693 684 874 764 roboratur,
906 682 961 748 ubi
991 702 1086 765 quum
1112 690 1243 749 ventum
1267 693 1316 752 est

196 785 240 851 ad
268 785 442 881 sciniplres,
473 785 561 866 Magi
588 785 780 868 Pharaonis,
816 783 1015 849 naturalibus
1047 785 1211 871 principiis
1240 788 1315 853 arti-

196 886 305 953 ficiose
327 890 466 969 utentes,
491 891 522 953 et
543 887 589 952 ibi
605 886 802 969 deficientes,
827 883 988 951 dixerunt:
1010 887 1159 969 „Digitus
1181 888 1244 954 Dei
1268 896 1319 956 est

148 987 279 1054 10·hic.“
330 987 364 1054 Si
399 1008 475 1071 ergo
510 989 695 1053 miraculum
730 994 779 1054 est
811 985 997 1052 immediata
1028 989 1171 1072 operatio
1212 991 1316 1075 primi,

196 1091 316 1173 absque
340 1091 563 1172 cooperatione
585 1088 794 1157 secundorum
816 1088 993 1171 agentium,
1023 1094 1057 1152 ut
1081 1089 1151 1173 ipse
1174 1091 1317 1159 Thomas

196 1191 229 1256 in
249 1191 469 1276 praeallegato
497 1191 578 1257 libro
606 1184 722 1276 probat
750 1188 956 1273 sufficienter,
986 1208 1082 1272 quum
1110 1192 1144 1257 in
1171 1192 1317 1261 favorem

197 1293 332 1377 alicujus
353 1291 563 1378 portenditur,
593 1292 683 1359 nefas
712 1295 760 1359 est
782 1290 902 1374 dicere,
933 1290 1015 1356 illud
1037 1291 1087 1356 cui
1110 1293 1156 1358 sic
1179 1293 1315 1378 favetur,

196 1415 260 1460 non
282 1414 353 1461 esse
375 1395 489 1477 aDeo,
512 1397 675 1474 tamquam
689 1392 924 1476 beneplacitum
939 1392 1000 1457 sibi
1015 1394 1187 1477 provisum.
1211 1397 1317 1476 Quare

149 1505 179 1557 15
199 1515 289 1562 suum
311 1494 588 1561 contradictorium
612 1494 784 1561 concedere
802 1499 945 1559 sanctum
968 1498 1031 1560 est:
1054 1496 1232 1561 Romanum
1254 1499 1314 1562 Im-

197 1596 320 1682 perium
340 1595 384 1660 ad
412 1597 461 1662 sui
488 1595 729 1683 perfectionem,
760 1595 982 1662 miraculorum
1010 1596 1162 1678 suffragio
1188 1603 1239 1665 est
1261 1598 1314 1663 ad-

193 1699 312 1782 jutum;
337 1716 411 1780 ergo
434 1699 538 1766 aDeo
561 1697 708 1780 volitum,
733 1701 765 1764 et
785 1718 844 1783 per
866 1716 1077 1782 consequens,
1101 1699 1141 1765 de
1160 1699 1235 1784 jure
1257 1701 1315 1766 fuit

198 1802 230 1865 et
252 1804 309 1864 est.

282 1900 376 1981 Quod
396 1907 518 1984 autem,
540 1922 598 1985 pro
613 1903 756 1968 Romano
778 1899 915 1986 Imperio
930 1900 1138 1984 perficiendo,
1162 1901 1316 1969 miracula

149 2016 181 2066 20
198 2002 287 2069 Deus
308 2001 517 2088 portenderit,
540 2002 709 2068 illustrium
731 2008 894 2070 auctorum
916 2004 1105 2070 testimoniis
1128 2006 1314 2090 comproba-

198 2108 256 2170 tur.
299 2105 383 2169 Nam
409 2105 468 2170 sub
490 2105 595 2169 Numa
616 2105 789 2189 Pompilio,
819 2105 956 2171 secundo
986 2105 1199 2171 Romanorum
1229 2125 1314 2189 rege,

197 2207 260 2271 ritu
288 2205 460 2272 Gentilium
490 2204 696 2289 sacrificante,
724 2207 825 2273 ancile
859 2205 898 2273 de
928 2207 1017 2273 coelo
1047 2207 1080 2272 in
1108 2207 1220 2274 urbem
1245 2209 1316 2274 Deo

244 2358 400 2410 lstatutam
422 2371 472 2425 pro
497 2356 646 2410 tessellatam
666 2355 729 2424 legi·
864 2357 898 2410 H.
917 2357 949 2410 L.
967 2356 1038 2422 Quia
1055 2373 1133 2411 saum

266 2443 312 2495 tur
329 2440 401 2508 apud
419 2440 580 2508 Aquinatem
809 2443 830 2476 ¹³
844 2441 877 2495 F.
895 2440 926 2495 P.
951 2471 984 2481 —
1008 2441 1041 2494 V.
1067 2441 1250 2497 concederunt
1273 2458 1317 2497 sa·

243 2527 254 2559 ⁷
270 2525 307 2579 M.
326 2524 419 2597 Moysi
848 2541 924 2581 mam
942 2557 975 2564 -
986 2526 1020 2579 H.
1039 2526 1071 2580 L.
1091 2526 1237 2582 corcordare
1254 2526 1315 2597 fal-

243 2612 253 2644 θ
270 2610 300 2664 L.
320 2610 358 2664 M.
376 2610 406 2663 P.
424 2609 457 2663 V.
475 2639 509 2649 -
527 2609 560 2662 H.
579 2609 679 2679 cirtifes
696 2641 730 2648 —
849 2627 908 2664 sara
921 2640 949 2649 —
960 2612 993 2663 A.
1011 2611 1049 2664 M.
1069 2626 1144 2665 conc.
1162 2611 1269 2680 factum
1283 2642 1317 2651 -

265 2695 298 2748 F.
317 2695 424 2766 syaifcs
440 2725 474 2734 -·
497 2695 530 2748 A.
552 2696 676 2749 sinistros
697 2725 731 2735 -
848 2695 960 2750 Ficinus
988 2710 1062 2751 coac.
1091 2695 1193 2750 licitam
1219 2695 1316 2764 legisse

267 2779 336 2833 Edd.
356 2777 486 2851 cpntpoes
850 2779 956 2835 ridetur
973 2811 1007 2821 —
1023 2780 1092 2834 Edd.
1110 2795 1185 2836 conc.
1204 2783 1292 2834 visum

228 2868 250 2899 ¹⁰
266 2865 303 2919 M.
322 2863 355 2920 Si
370 2880 434 2919 vero
812 2867 833 2899 ¹⁷
850 2865 882 2919 In
900 2864 959 2919 cod.
977 2865 1010 2918 Η.
1030 2864 1104 2919 deest
1120 2866 1178 2935 fait
1195 2896 1228 2904 —
1246 2864 1315 2919 Edd.

229 2951 249 2983 ¹³
260 2949 437 3021 protenditur
460 2949 561 3004 hebent
580 2949 686 3006 codices
705 2955 732 3004 et
849 2954 917 3004 antt.
933 2949 967 3019 fit

267 3033 389 3088 Turrius.
407 3033 461 3088 Sed
465 3035 648 3105 portenditur,
660 3034 732 3103 quod
810 3034 833 3067 ²⁰
850 3034 882 3087 Α.
901 3033 932 3086 Ρ.
950 3033 982 3086 V.
1009 3039 1037 3088 et
1063 3033 1121 3088 edd.
1146 3040 1213 3089 antt.
1232 3065 1265 3075 —
1282 3033 1313 3088 F.

266 3118 364 3187 legitur
391 3118 420 3172 in
448 3119 521 3173 editt.
554 3125 619 3174 antt.
647 3119 731 3188 magis
758 3118 762 3129 '
844 3125 954 3190 partem
972 3118 1076 3173 dederit
1089 3117 1238 3187 -Reliqui
1248 3131 1316 3189 pro-

266 3203 369 3272 plscet,
401 3219 482 3271 quum
508 3203 581 3259 Deos
612 3204 732 3273 auspicis
851 3201 965 3257 tenderet

267 3288 308 3341 vel
333 3287 443 3341 oracula
469 3288 651 3359 portendere,
677 3304 731 3343 non
809 3289 840 3353 ²²,
853 3289 876 3322 ²³
893 3289 926 3341 A.
948 3287 982 3340 H.
1005 3287 1037 3341 L.
1059 3287 1089 3342 P.
1112 3286 1145 3340 V.
1164 3317 1194 3328 -
1207 3288 1240 3342 ll.
1259 3287 1316 3344 neo

267 3371 427 3441 protendere
446 3371 567 3427 dicamus
850 3372 955 3427 colente
980 3404 1014 3411 —
1039 3371 1124 3426 Editt.
1149 3390 1166 3427 a
1189 3371 1247 3427 neo
1266 3373 1317 3427 ele-

229 3457 249 3489 ¹⁴
266 3457 300 3509 A.
325 3474 342 3511 a
365 3456 424 3511 Deo
447 3462 584 3527 tamquam
608 3456 732 3528 benepl·
850 3462 921 3511 ctam

268 3543 322 3595 cito
339 3540 393 3595 stoi
416 3572 450 3580 —
475 3541 506 3595 F.
528 3541 632 3596 addens
654 3543 732 3598 benc-

262 3625 397 3697 plact'tam
414 3627 454 3680 stc

269 3746 280 3777 ⁷
297 3744 413 3799 Exonus
433 3749 455 3799 8.
476 3762 499 3798 v.
513 3748 619 3800 12-14.
638 3744 780 3811 „Extende
796 3745 897 3827 virgam
913 3749 989 3800 tuem
1007 3751 1033 3801 et
1050 3750 1163 3815 percute
1180 3746 1319 3816 pulverem

202 3815 305 3878 terrae,
323 3818 351 3869 et
368 3812 422 3866 sint
439 3812 574 3881 sciniphes
592 3814 636 3877 (sl.
656 3813 821 3882 ‚,einiphes“)
839 3831 867 3868 m
883 3815 1009 3871 universe
1026 3820 1100 3872 terra
1117 3814 1260 3885 Aegypti.“

202 3881 346 3936 ⁹Exonns
363 3881 380 3934 l.
401 3897 423 3935 c.
442 3898 466 3934 v.
489 3887 527 3935 15.
621 3883 642 3915 ¹⁴
660 3881 699 3935 cf.
718 3883 859 3937 Aucrorus
882 3882 968 3951 Epist.
995 3883 1030 3937 ad
1047 3883 1134 3951 Reges
1152 3888 1175 3950 ξ.
1194 3888 1217 3937 8.
1238 3882 1284 3948 „Si
1302 3897 1319 3936 s.

221 3949 288 4003 rime
305 3949 388 4018 hujus
410 3948 479 4018 ignis
503 3948 595 4003 isvilla
619 3949 784 4004 revolvemus
807 3953 967 4020 praeterita,
991 3966 1096 4019 exque
1114 3951 1218 4005 scilicet
1236 3951 1317 4020 Argis

201 3965 371 4085 despitslitas
396 4032 413 4071 a
433 4016 584 4086 Phrygibus
607 4017 751 4086 denegate,
781 4022 808 4073 et
829 4032 914 4138 usgue
938 4017 972 4071 ed
995 4018 1136 4072 Octaviani
1165 4018 1318 4088 triumphos

200 4089 276 4151 gesta
293 4085 408 4140 revisere
425 4092 512 4154 vacet;
537 4086 666 4140 nonnulla
690 4101 781 4140 eorum
802 4085 863 4139 ride
882 4085 951 4138 imus
974 4085 1108 4140 humanae
1134 4086 1239 4140 virtutis
1261 4102 1318 4140 orn·

201 4151 264 4207 nino
282 4153 399 4207 culmina
415 4154 628 4220 transcendisse,
647 4160 673 4209 et
683 4153 771 4209 Deum
788 4168 836 4222 per
853 4151 987 4219 homines,
1006 4158 1143 4222 tamquam
1159 4170 1209 4223 per
1228 4155 1319 4211 scelos

200 4234 297 4286 novos,
315 4220 417 4291 aliquid
435 4227 558 4290 opertum
576 4223 685 4278 fuisse.“
