2940 4808
257 312 301 374 78
512 316 647 373 narnis
665 316 935 403 nonancumn.
955 320 983 374 c.
1005 325 1043 374 n.
1063 325 1125 387 nc.)

463 488 520 541 Aut
537 486 641 542 Collina
657 487 721 542 tulit
739 493 838 544 stratas
857 493 922 557 quot
939 495 1020 558 porta
1036 495 1171 551 catervas,

464 570 541 626 Tunc
559 587 640 639 quum
656 587 744 642 paene
762 577 845 644 caput
862 573 955 628 mnndi
971 589 1114 644 rerumque
1131 581 1252 644 potestas

208 659 240 714 35
462 656 578 710 Mutavit
594 659 729 713 translata
745 659 848 726 locum,
866 659 1043 726 Romanaque
1061 659 1165 715 Samnis

462 740 541 795 Ultra
558 741 693 798 Caudinas
711 745 848 814 superavit
864 745 977 798 vulnera
994 743 1094 799 furcas.

343 864 517 944 Postquam
538 883 615 930 vero
637 864 789 930 Italorum
818 864 922 947 litigia
944 864 1057 931 sedata
1082 866 1223 949 fuerunt,
1252 868 1378 930 etcum

259 965 399 1047 Graecis,
423 982 557 1046 cumque
575 964 691 1031 Poenis
712 964 853 1031 nondum
874 987 932 1050 pro
949 965 1058 1033 divino
1076 965 1199 1051 judicio
1222 971 1377 1032 certatum

259 1071 359 1150 esset,
382 1065 425 1130 ad
446 1065 614 1150 imperium
635 1066 873 1133 intendentibus
895 1067 961 1133 illis
984 1072 1016 1134 et
1037 1066 1122 1150 istis,
1148 1067 1298 1135 Fabricio
1319 1091 1378 1154 pro

206 1187 240 1238 to
257 1168 419 1251 Romanis
441 1167 594 1253 Pyrrho
616 1189 674 1252 pro
691 1167 832 1252 Graecis,
855 1168 895 1236 de
917 1168 1043 1254 imperii
1064 1168 1168 1250 gloria
1188 1169 1222 1233 in
1244 1170 1378 1237 militiae

256 1269 458 1337 multitudine
492 1267 743 1354 decertantibus,
776 1270 878 1337 Roma
911 1271 1055 1338 obtinuit.
1119 1268 1268 1354 Scipione
1302 1292 1378 1339 vero

255 1396 314 1460 pro
341 1372 448 1453 Italis,
478 1370 711 1438 Hannibale
739 1393 797 1457 pro
825 1372 983 1438 Aliicanis
1010 1371 1166 1437 informa
1188 1371 1289 1437 duelli
1311 1373 1376 1439 bel-

256 1477 322 1541 lum
352 1471 550 1555 gerentibus,
578 1472 669 1537 Italis
698 1473 766 1539 Atii
795 1474 1040 1557 succubuerunt3
1071 1472 1151 1537 sicut
1173 1472 1317 1540 Livius
1345 1478 1377 1541 et

256 1576 313 1642 alii
334 1575 381 1641 rei
402 1574 565 1640 Romanae
587 1575 757 1659 scriptores
778 1574 941 1641 testificari
964 1577 1123 1640 conantur.

205 1695 238 1748 45
342 1677 420 1758 Quis
442 1676 538 1757 igitur
553 1675 636 1743 adeo
651 1677 765 1743 mentis
781 1677 914 1743 obtusae
929 1696 1012 1740 nunc
1027 1680 1084 1759 est,
1108 1675 1163 1757 qui
1177 1696 1241 1764 non
1256 1674 1375 1760 videat,

256 1779 315 1845 sub
334 1779 407 1864 jure
430 1776 530 1844 duelli
545 1778 719 1860 gloriosum
740 1780 894 1863 populum
910 1797 1059 1844 coronam
1074 1775 1169 1843 Orbis
1191 1777 1289 1843 totius
1306 1796 1377 1844 esse

255 1880 434 1947 lucratum?
467 1880 549 1945 Vere
573 1879 678 1947 dicere
699 1878 803 1965 potuit
824 1879 919 1946 homo
941 1879 1112 1962 Romanus,
1137 1876 1223 1961 quod
1245 1878 1376 1960 quidem

254 1984 429 2068 Apostolus
440 1980 484 2045 ad
495 1966 713 2047 Timbtheum:
729 1981 902 2066 „Reposita
913 1985 962 2046 est
973 1980 1052 2046 mihi
1063 2000 1180 2047 corona
1188 1978 1376 2064 justitiae:“

254 2084 404 2170 reposita,
428 2082 558 2165 scilicet,
581 2082 614 2146 in
635 2082 698 2146 Dei
725 2080 929 2167 providentia
949 2086 1088 2148 aeterna.
1132 2081 1271 2147 Videant
1292 2101 1376 2148 nunc

203 2204 237 2260 so
255 2187 395 2254 Juristae
416 2183 686 2268 praesumptuosi,
719 2189 872 2267 quantum
898 2182 980 2248 infra
1007 2183 1069 2248 sint
1094 2183 1135 2248 ab
1164 2183 1223 2248 illa
1244 2183 1376 2268 specula

253 2287 401 2369 rationis,
430 2282 513 2349 unde
543 2284 682 2349 humana
709 2306 799 2352 mens
828 2287 908 2352 haec
934 2284 1092 2369 principia
1113 2284 1312 2368 speculatur,
1341 2287 1375 2349 et

254 2388 384 2471 sileant,
414 2385 587 2452 secundum
616 2405 742 2452 sensum
771 2387 853 2469 legis
882 2385 1048 2452 consilium
1078 2391 1110 2453 et
1132 2383 1290 2470 judicium
1320 2406 1374 2452 ex·

253 2490 363 2557 hibere
387 2487 533 2554 contenti.

337 2591 379 2655 Et
403 2590 473 2674 jam
500 2588 703 2655 manifestum
737 2594 800 2674 est,
835 2586 921 2671 qnod
951 2589 1113 2655 Romanus
1145 2589 1284 2674 populus
1316 2608 1376 2673 per

279 2741 303 2774 ³³
320 2741 355 2793 H.
373 2745 461 2795 strate
479 2770 511 2779 -
530 2739 568 2793 M.
584 2744 683 2793 scatet
700 2771 734 2778 —
754 2740 786 2793 L.
905 2744 982 2794 tusce
1000 2739 1120 2793 est-F.
1139 2738 1208 2793 adeo
1225 2744 1306 2793 ment.
1320 2737 1375 2794 obt.

320 2830 425 2880 serenat
904 2839 959 2878 non
978 2827 1019 2877 est

279 2909 303 2943 ³⁰
320 2910 355 2966 A.
372 2909 405 2962 L.
424 2907 462 2962 M.
480 2908 514 2964 V.
531 2911 651 2981 speravit
701 2960 703 2964 .
864 2909 888 2941 ⁴⁶
905 2908 938 2963 V.
956 2908 1181 2980 ploniosissimnm

278 2995 302 3028 ³⁸
318 2994 351 3048 F.
369 2992 469 3047 Poenis
480 3010 537 3065 pro
556 2992 646 3048 divino
921 2993 959 3046 M.
979 2996 1006 3046 et
1024 2991 1083 3046 edd.
1103 2993 1186 3046 totius
1202 2991 1276 3046 orbis

280 3079 304 3112 ³⁹
321 3078 355 3131 H.
375 3082 506 3132 aetatum
524 3083 584 3131 eren
864 3077 888 3110 ⁴⁷
905 3076 944 3130 M.
963 3081 989 3131 et
1007 3076 1067 3130 edd.
1081 3078 1175 3148 potuit
1192 3075 1283 3131 dicere

335 3163 368 3216 A.
387 3166 415 3216 et
433 3161 492 3216 edd.
513 3163 542 3216 id
558 3163 700 3234 imperinm
920 3162 954 3215 A.
972 3165 999 3215 et
1016 3160 1075 3215 edd.
1092 3161 1133 3214 cir
1150 3159 1292 3215 Romanus

335 3246 368 3301 A.
387 3246 555 3302 tendentibus
579 3278 614 3287 -
636 3247 671 3301 H.
697 3248 728 3301 L.
747 3248 785 3302 M.
920 3244 990 3299 Edd.
1009 3246 1136 3300 omittunt
1152 3244 1261 3314 quidem

318 3331 502 3387 incedentibus
515 3360 545 3370 -
556 3331 589 3385 V.
607 3331 787 3388 incidentibus
864 3331 887 3363 ⁵⁰
904 3329 937 3384 A.
954 3330 983 3383 F.
1001 3329 1037 3383 H.
1054 3328 1087 3382 L.
1105 3329 1144 3382 M.
1162 3329 1195 3383 V.
1214 3335 1241 3384 et
1257 3329 1373 3385 Ficinus

334 3414 368 3468 A.
387 3414 419 3468 F.
435 3414 470 3467 H.
488 3414 520 3467 L.
538 3415 570 3467 V.
589 3415 645 3470 iliis
662 3421 688 3470 et
705 3416 761 3471 iliis
904 3415 939 3470 eb
956 3414 1004 3469 illo
1020 3414 1133 3485 speculo

275 3499 300 3533 ⁴⁰
316 3499 350 3552 H.
370 3497 480 3570 Pyrrho
500 3515 564 3555 cero
576 3516 633 3572 pro
863 3500 886 3533 ⁵²
903 3499 937 3552 H.
956 3499 1059 3555 seilicet
1074 3498 1221 3554 seeundum

276 3583 301 3616 ⁴²
317 3583 351 3637 A.
369 3582 477 3639 ltelicc's
917 3600 1025 3638 sensnm
1049 3583 1126 3637 abest
1149 3598 1166 3637 a
1186 3583 1218 3638 F.
1241 3587 1269 3638 et
1284 3583 1319 3637 H
1337 3614 1373 3626 -

276 3668 300 3702 ⁴³
316 3668 349 3722 F.
367 3668 400 3722 V.
418 3669 597 3738 Africani-
615 3668 647 3722 H.
666 3670 760 3739 Africi
902 3668 935 3721 A.
947 3667 1056 3724 secund.
1066 3683 1174 3722 sensnm
1186 3668 1372 3739 lemicensem

274 3753 298 3784 ⁴⁴
314 3753 383 3808 Edd.
402 3752 497 3808 Livias
513 3759 539 3807 et
557 3769 648 3808 omnes
901 3784 935 3792 -
952 3753 1101 3818 ancilium,
1129 3752 1202 3820 quod
1224 3752 1373 3821 scripserat

332 3839 364 3892 A.
374 3838 406 3891 F.
416 3838 449 3893 V.
468 3844 495 3894 et
507 3838 565 3893 edd.
585 3836 725 3893 Romanae
742 3840 784 3893 rei
902 3836 1002 3893 codicis
1019 3837 1052 3891 F.
1071 3832 1258 3904 amanuensis,
1276 3836 1371 3893 statim

305 3965 312 3979 .
333 3923 367 3977 Η.
384 3923 417 3977 V.
437 3923 582 3992 testificere
901 3922 1039 3992 expunxit,
1057 3925 1085 3976 et
1094 3922 1216 3990 reposuit
1227 3922 1372 3977 canalium

274 4008 298 4040 ⁴⁵
314 4008 346 4061 F.
365 4007 399 4061 H.
419 4006 486 4074 Quis
502 4024 569 4080 erqo
859 4007 926 4074 ‘5⁵⁵
943 4006 1011 4061 Edd.
1025 4024 1081 4079 per
1103 4007 1183 4063 duell.
1200 4006 1279 4062 Rom.
1302 4024 1372 4080 pop.

332 4091 403 4146 Edd.
425 4106 498 4145 nunc
522 4091 591 4146 adeo
615 4094 711 4147 mentis
737 4093 782 4148 ob-

316 4228 340 4260 ⁴⁸
357 4227 469 4282 Pnunus
486 4226 536 4295 Ep.
555 4227 589 4279 Π.
608 4227 643 4282 ad
660 4226 776 4282 limoth.
793 4182 821 4280 t.
838 4243 862 4280 v.
882 4230 905 4280 8.
