2940 4808
256 283 295 346 16
448 284 583 339 DANTIS
601 283 819 340 MONARCHIA
837 284 856 337 Ι.
876 283 905 337 C.
928 288 964 338 10.
983 287 1045 349 (12),
1066 288 1104 337 11.
1123 287 1183 350 (l3l

253 456 461 544 impossibile,
485 475 580 539 quum
596 457 684 524 Deus
700 461 732 522 et
746 457 868 522 Natura
887 455 921 520 in
941 455 1131 522 necessariis
1152 476 1216 521 non
1238 453 1376 520 deficiat.

255 562 340 627 Inter
362 578 471 626 omnes
494 556 574 624 dnos
596 557 764 642 principes.
788 576 922 639 quorum
943 559 1025 624 alter
1047 557 1140 624 alteri
1156 556 1287 622 minime
1302 557 1376 621 sub-

222 663 354 727 5iectus
376 666 434 744 est,
456 665 563 743 potest
587 680 656 727 esse
678 659 823 742 litigium,
847 658 899 725 vel
922 659 1015 741 culpa
1038 657 1188 742 ipsorum,
1212 659 1265 724 vel
1280 658 1378 724 etiam

255 760 461 843 subditorum,
486 761 571 843 quod
593 760 634 828 de
657 782 691 827 se
713 765 810 846 patet.
840 759 925 841 Ergo
947 759 1030 826 inter
1051 760 1134 826 tales
1157 764 1282 843 oportet
1305 779 1378 828 esse

253 862 413 928 indicium.
457 861 499 926 nt
529 881 625 944 quum
653 863 735 928 alter
762 861 802 928 de
832 861 932 927 altero
962 880 1152 942 cognoscere
1179 882 1242 928 non
1263 861 1376 945 possit,

255 985 296 1032 ex
325 983 387 1046 quo
415 964 497 1030 alter
524 964 617 1030 alteri
645 984 708 1029 non
736 961 881 1029 subditur
914 961 1001 1047 (nam
1029 983 1089 1046 par
1115 964 1149 1028 in
1175 984 1286 1047 parem
1314 985 1378 1030 non

255 1067 353 1132 habet
367 1063 564 1150 imperium),
589 1070 714 1149 oportet
729 1084 800 1132 esse
814 1064 942 1131 tertium
955 1063 1182 1132 iurisdictionis
1202 1065 1376 1150 amplioris,

208 1186 238 1237 to
256 1167 311 1250 qui
333 1166 454 1231 ambitu
475 1167 524 1232 sui
550 1166 627 1232 iuris
656 1167 812 1233 ambobus
839 1166 1040 1251 principetur.
1084 1167 1125 1231 Et
1153 1167 1206 1232 hic
1234 1173 1290 1232 aut
1318 1169 1379 1234 erit

255 1269 437 1350 Monarcha,
453 1273 594 1334 autnon.
625 1267 661 1333 si
676 1268 730 1352 sic,
747 1268 883 1335 habetur
896 1268 1108 1352 propositum,
1132 1267 1160 1333 si
1175 1289 1247 1352 non,
1262 1269 1378 1334 iterum

256 1369 388 1436 habebit
411 1369 473 1434 sibi
496 1371 702 1452 coaequalem
725 1376 815 1436 extra
845 1370 999 1435 ambitum
1028 1389 1105 1436 snae
1132 1368 1376 1455 iurisdictionis,

255 1479 330 1537 tunc
357 1472 472 1537 iterum
500 1471 697 1537 necessarius
728 1472 787 1539 erit
814 1471 925 1538 tertius
952 1472 1043 1537 alius.
1093 1472 1135 1537 Et
1163 1472 1208 1537 sic
1237 1476 1293 1536 aut
1319 1473 1378 1539 erit

255 1593 423 1658 processus
444 1573 478 1636 in
499 1571 670 1657 infinitum,
701 1572 786 1656 qnod
810 1592 880 1640 esse
902 1594 966 1639 non
987 1578 1106 1658 potest,
1136 1579 1192 1638 aut
1218 1574 1379 1658 oportebit

207 1697 238 1746 15
258 1674 409 1742 devenire
431 1673 475 1738 ad
495 1674 633 1741 iudicem
655 1676 792 1758 primum
814 1680 846 1742 et
872 1693 1042 1759 summum,
1072 1674 1114 1742 do
1142 1677 1230 1742 cuins
1258 1676 1377 1743 iudicio

257 1782 370 1843 cuncta
391 1776 495 1858 litigia
517 1776 718 1861 dirimantur,
748 1777 817 1844 sive
839 1776 994 1860 mediate,
1023 1777 1092 1844 sive
1116 1777 1316 1862 immediate3
1345 1782 1378 1846 et

256 1879 309 1945 hic
337 1878 396 1944 erit
422 1878 610 1962 Monarcha,
643 1879 711 1946 sive
739 1879 922 1963 Imperator.
971 1878 1030 1968 list
1063 1878 1160 1962 igitur
1192 1879 1379 1946 Monarchia

255 1978 436 2047 necessaria
461 1979 589 2047 mundo.
632 1981 674 2045 Et
702 1979 965 2045 honorationem
992 1978 1125 2046 ridebat
1153 1979 1377 2065 Philosophus,

257 2102 353 2164 quum
382 2082 524 2148 dicebat:
555 2080 651 2147 Entia
678 2082 789 2148 nolunt
820 2080 904 2146 male
940 2080 1080 2165 disponi,
1116 2082 1236 2146 malum
1271 2085 1378 2148 antem

206 2205 238 2256 ro
256 2184 422 2269 pluralitas
443 2182 684 2268 principatuum,
705 2201 787 2246 unus
809 2200 884 2263 ergo
898 2181 1066 2267 2Prinoeps.
1112 2219 1114 2222 >

651 2365 773 2454 [CAPUT
794 2387 842 2433 211·
868 2364 982 2454 (xmp

341 2506 527 2587 Praeterea,
551 2502 686 2569 mundus
709 2503 828 2586 optime
850 2502 1023 2587 dispositus
1046 2506 1110 2586 est,
1137 2521 1233 2585 quum
1255 2502 1379 2568 institia

257 2608 291 2673 in
314 2628 351 2675 eo
374 2607 540 2692 potissima
563 2610 625 2688 est,
649 2603 733 2671 unde
748 2605 900 2688 Virgilius
921 2603 1142 2671 commendare
1165 2605 1276 2672 volens
1298 2603 1380 2670 illud

258 2710 429 2792 saeculum,
453 2705 539 2790 quod
561 2726 618 2774 suo
640 2711 782 2789 tempore
804 2726 933 2789 surgere
949 2706 1126 2790 videbatur,
1148 2707 1182 2771 in
1197 2707 1263 2772 suis
1278 2707 1379 2773 Buco-

258 2810 328 2877 licis
351 2811 515 2878 cantabat:
596 2887 607 2904 .
1234 2809 1236 2817 ’

225 2922 240 2971 5
479 2927 536 2981 Iam
553 2924 622 2980 redit
640 2925 775 2994 et.Virgo‚
794 2924 907 2981 redeunt
925 2923 1053 2978 Saturnia
1070 2937 1160 2991 regua.
1187 2912 1189 2916 ⁸

294 3079 354 3133 Ἀ.
372 3081 493 3150 t‘psornm
511 3079 555 3133 vel
569 3079 792 3134 subiectorum-
869 3077 941 3131 10Α.
960 3080 1057 3132 cuncto
1075 3075 1176 3130 iudicia

325 3163 396 3219 Edd.
413 3166 549 3236 aptorum,
566 3163 609 3217 ccl
624 3162 791 3217 subditorum
927 3162 960 3215 L.
971 3161 1009 3215 M.
1026 3164 1053 3216 et
1069 3161 1146 3215 Frat.
1164 3159 1381 3215 diramantur-

293 3248 354 3301 8Α.
373 3247 443 3302 alter
459 3248 541 3302 alteri
561 3248 597 3301 sit
619 3247 742 3302 subditus
760 3277 792 3286 —
912 3245 944 3300 F.
963 3245 1120 3301 dirimantur

326 3332 364 3390 M.
383 3333 475 3386 taliter
491 3331 647 3386 alteriaco
669 3331 793 3386 subditur
873 3332 893 3363 ¹⁷
911 3330 944 3382 H.
972 3336 998 3384 et
1023 3329 1074 3386 doc
1097 3331 1150 3385 crit
1170 3328 1323 3386 Monocna

284 3418 306 3451 ¹⁰
322 3418 355 3471 F.
374 3417 406 3470 L.
425 3417 456 3471 P.
474 3417 508 3471 V.
520 3445 554 3456 -
571 3415 605 3469 Η.
625 3415 661 3469 Et
678 3414 730 3470 doc
746 3421 795 3470 aa!
915 3414 946 3471 F.
965 3414 1016 3470 Est
1033 3432 1099 3487 erpo
1116 3412 1279 3470 Monarcdia

328 3503 378 3557 erit
392 3532 421 3540 -
441 3500 479 3555 M.
499 3502 534 3554 lit
551 3498 620 3555 laec
636 3506 726 3554 autem
743 3502 795 3555 erit
873 3499 894 3531 ¹⁰
911 3499 943 3552 F.
961 3499 1072 3571 disponi
1075 3519 1086 3564 ;
1105 3498 1259 3572 pluralitus
1275 3501 1381 3572 princi-

203 3584 208 3593 '
326 3585 402 3638 -Α,
421 3585 458 3640 Et
475 3584 520 3640 dic
532 3584 684 3640 Antionc‘ns
701 3586 795 3640 erit-
908 3589 1025 3655 potuum
1044 3584 1126 3650 mala,
1145 3600 1217 3639 naus

327 3670 398 3725 Edd.
418 3669 455 3723 Et
471 3667 516 3726 hic
533 3671 585 3724 erit
847 3667 912 3737 Gap.
931 3668 978 3722 XI.
1015 3670 1026 3703 ³
1043 3669 1077 3723 H.
1096 3670 1124 3724 io
1141 3685 1164 3723 s.
1174 3669 1272 3725 Bucol.
1286 3673 1382 3737 panta·

285 3759 307 3790 ¹³
323 3756 357 3812 F.
375 3754 405 3807 P.
424 3761 473 3809 aut
490 3757 624 3826 oportebit
641 3756 731 3810 venire
914 3753 960 3808 bot
977 3753 1070 3808 dicens
1308 3728 1362 3798 ’χ

326 3874 399 3943 (lup.
417 3872 460 3929 X.
495 3873 570 3928 ⁹0f.
588 3875 620 3928 L.
640 3879 679 3930 13.
707 3877 728 3940 5.
748 3877 772 3927 4.
798 3871 858 3925 Di.
881 3871 925 3925 Ad
942 3871 991 3927 SC.
1010 3871 1124 3927 Trebell.
1143 3872 1269 3927 xxxvl.
1291 3878 1312 3926 1.

262 3943 283 3977 ¹⁰
299 3943 378 3997 Hanc
395 3943 556 3998 sententiam
574 3943 609 3997 ab
617 3943 794 3997 Anrsroumu
811 3943 820 4005 (
852 3940 942 4009 eteph.
960 3939 1021 3993 XII.
1041 3945 1079 4001 1οι
1103 3956 1158 3995 non
1177 3941 1269 3997 addito
1306 3943 1382 3995 ottce

259 4012 364 4065 nomine
377 4010 489 4065 relatam
503 4010 599 4077 [versio
609 4017 699 4065 retus:
717 4009 817 4076 „Entie
831 4023 893 4062 vero
906 4007 1000 4061 nolunt
1013 4007 1121 4076 disponi
1132 4009 1210 4075 male,
1222 4023 1272 4063 nec
1282 3958 1382 4063 donum

258 4078 400 4160 pluralitas
417 4080 632 4149 principatuum
651 4074 970 4195 unusergoPriuceps‘t,
987 4075 1100 4130 Homrm
1118 4092 1177 4131 esse
1196 4077 1268 4142 [ilias
1277 4077 1311 4131 11.
1322 4081 1382 4141 204]

304 4147 389 4201 orarit
407 4152 510 4202 auctor.
581 4146 723 4216 copxl.
759 4143 889 4210 ⁴Ecloge
920 4143 952 4194 V.
969 4159 992 4196 v.
1004 4148 1027 4198 6.
1039 4143 1074 4197 cf.
1092 4147 1232 4200 Ancuoms
1241 4146 1382 4214 Purgator.

287 4214 347 4268 XII.
373 4218 420 4278 70,
448 4217 494 4271 ubi
522 4230 682 4270 coaevorum
709 4211 885 4282 complurium
911 4211 1071 4265 seutentiam
1098 4218 1242 4282 sequutus,
1271 4230 1326 4268 nou
1349 4213 1382 4268 de
