2940 4808
239 322 298 381 104
533 323 667 378 DANTIS
685 323 907 379 MONARCHIA
926 325 974 377 ΠΙ.
994 323 1021 378 O.
1041 330 1065 377 5.

237 496 280 561 ad
301 495 489 589 Imperium.¹
519 495 598 562 Levi
620 496 796 578 praecessit
816 495 933 562 Judam
956 495 1188 579 innativitate,
1212 502 1246 560 ut
1263 503 1363 582 patet

236 596 270 661 in
291 596 398 663 litera:
427 615 501 677 ergo
524 597 670 664 Ecclesia
696 601 861 682 praecedit
888 599 1060 683 Imperium
1095 598 1128 662 in
1156 599 1360 666 auctoritate.

323 697 365 762 Et
386 698 446 765 hoc
468 719 544 764 vero
567 700 608 766 de
628 700 715 765 facili
737 703 884 768 solvitur:
913 723 987 766 nam
1009 699 1095 782 quod
1118 699 1240 783 dicunt,
1272 701 1361 782 quod

238 800 318 865 Levi
341 806 373 865 et
400 799 517 884 Judas,
547 799 605 865 filii
626 802 743 885 Jacob,
772 803 908 884 figurant
935 804 999 868 ista
1026 802 1196 885 regimina,
1229 821 1361 884 possem

190 919 220 972 ιο
239 901 384 966 similiter
411 901 472 967 hoo
505 903 715 971 interimendo
745 904 936 988 dissolvere;
972 902 1030 969 sed
1062 902 1262 969 concedatur.
1318 905 1363 968 Et

240 1023 335 1084 quum
358 1003 520 1084 arguendo
544 1005 694 1070 inferunt:
724 1005 813 1071 Sicut
834 1006 913 1071 Levi
935 1004 1099 1088 praecedit
1123 1004 1156 1068 in
1178 1005 1370 1083 nativitate,

240 1104 286 1170 sic
313 1104 461 1170 Ecclesia
488 1105 521 1169 in
549 1108 751 1192 auctoritate,
784 1107 855 1174 dico
885 1107 1045 1189 similiter,
1077 1105 1162 1187 quod
1191 1106 1279 1171 aliud
1309 1113 1361 1172 est

238 1206 458 1292 praedicatum
489 1209 713 1293 conclusionis,
749 1214 782 1275 et
813 1209 901 1274 aliud
924 1209 1027 1293 major
1056 1209 1254 1274 extremitas:
1284 1229 1363 1272 nam

240 1309 328 1374 aliud
350 1314 399 1375 est
421 1310 608 1392 auetoritaS,
640 1317 672 1376 et
693 1312 782 1377 aliud
803 1311 969 1394 nativitas,
995 1309 1139 1393 subjecto
1164 1315 1196 1375 et
1217 1310 1361 1394 ratione3

191 1428 220 1479 15
239 1416 370 1495 propter
399 1410 483 1491 quod
511 1418 661 1495 peccatur
686 1413 720 1476 in
747 1414 856 1480 forma.
906 1412 948 1475 Et
977 1419 1024 1477 est
1053 1411 1165 1477 similis
1190 1431 1366 1496 processus

239 1513 327 1578 huic:
354 1512 571 1596 Apraecedit
598 1514 624 1578 B
647 1515 680 1578 in
703 1514 741 1598 O,
771 1516 802 1578 D
825 1514 908 1580 etE
938 1534 973 1580 se
1001 1513 1120 1578 habent
1149 1513 1233 1578 utA
1263 1519 1297 1580 et
1320 1513 1365 1579 B:

240 1633 315 1696 ergo
338 1614 368 1677 D
390 1614 555 1696 praecedit
577 1615 604 1678 E
626 1616 660 1679 in
680 1617 722 1700 F;
745 1617 773 1680 F
795 1637 870 1682 vero
894 1620 926 1681 et
948 1615 972 1681 G
996 1614 1124 1680 diversa
1148 1620 1228 1679 sunt.

324 1715 366 1779 Et
388 1714 415 1780 si
437 1715 576 1784 facerent
590 1717 774 1783 instantiam
791 1717 942 1800 dicentes,
966 1716 1051 1797 quod
1065 1716 1092 1779 F
1108 1716 1250 1796 sequitur
1264 1716 1310 1781 ad
1327 1717 1362 1801 O,

240 1817 302 1885 hoc
324 1824 372 1884 est
394 1819 623 1905 auctoritas
646 1818 688 1882 ad
710 1819 987 1901 nativitatem,
1017 1824 1049 1881 et
1069 1837 1127 1900 pro
1150 1817 1363 1886 antecedente

188 1933 221 1986 20
241 1920 322 1986 bene
344 1920 476 1984 infertur
499 1940 711 2004 consequens,
734 1927 769 1986 ut
791 1921 908 1985 animal
931 1941 988 2004 pro
1011 1919 1154 1994 homine;
1178 1918 1249 1985 dico
1273 1919 1364 2001 quod

240 2021 355 2087 falsum
379 2028 441 2088 est:
470 2023 562 2087 multi
593 2022 677 2087 enim
706 2029 778 2087 sunt
799 2022 938 2106 maj0res
959 2025 1050 2102 natu,
1080 2022 1135 2102 qui
1163 2042 1227 2087 non
1256 2023 1363 2088 solum

238 2122 272 2188 in
300 2124 488 2190 auctoritate
516 2145 579 2190 uon
606 2123 815 2208 praecedunt,
852 2122 910 2188 sed
945 2122 1042 2188 etiam
1074 2123 1310 2206 praeceduntur
1341 2143 1366 2188 a

239 2224 427 2308 minoribus,
468 2231 503 2289 ut
529 2229 633 2309 patet,
673 2225 729 2290 ubi
758 2224 909 2309 Episcopi
938 2229 1010 2290 sunt
1038 2230 1180 2308 tempore
1205 2225 1363 2309 juniores,

283 2375 293 2407 ¹
311 2375 344 2428 H.
364 2373 489 2429 Ecclesia
505 2376 654 2444 praecessit

324 2462 351 2514 ta
369 2459 532 2514 auctoritate
549 2459 626 2512 abest
644 2475 660 2512 a
677 2457 709 2510 P.

284 2544 343 2598 ⁸A.
362 2543 394 2597 V.
414 2543 610 2598 Extocvero

324 2630 361 2683 Μ.
373 2645 435 2682 nam
455 2630 504 2699 qui
520 2627 692 2682 dicunt-A.
704 2626 735 2679 F.
747 2632 774 2682 et

308 2714 382 2768 editt.
418 2730 482 2768 nam
517 2729 576 2768 cum
612 2711 706 2767 dicunt
741 2742 771 2751 —

307 2798 454 2853 Nobiscum
472 2798 575 2852 faciunt
592 2797 626 2851 H.
645 2798 676 2849 L.
694 2796 725 2850 P.
741 2797 772 2850 V.

307 2888 334 2938 et
351 2883 475 2937 Ficinus:
497 2880 601 2953 percle
618 2881 707 2952 quello
725 2880 774 2936 cbe

308 2969 406 3023 dcccco

324 3053 355 3106 F.
373 3052 407 3106 H.
426 3052 457 3106 P.
480 3069 540 3107 cem
558 3052 625 3106 Levi
640 3057 666 3105 ct
682 3051 774 3105 Jocas

283 3135 379 3189 ¹Edd.
402 3136 473 3190 inter
497 3138 549 3191 ista
582 3144 609 3191 et
639 3139 773 3208 rcpr'mc'na

305 3219 482 3289 interponunt
500 3222 568 3287 cluo,
590 3221 662 3290 quod
685 3237 772 3289 neque

308 3305 415 3359 codices
425 3307 534 3373 habent,
553 3322 639 3375 neque
652 3305 772 3359 Ficinus.

324 3389 355 3442 V.
372 3405 457 3460 posse
478 3391 601 3444 similiter
631 3421 660 3428 ψ
685 3391 718 3442 A.
736 3389 772 3445 H.

301 3481 417 3545 possent
433 3477 491 3530 sim.
509 3507 543 3513 —
560 3475 592 3531 F.
606 3477 697 3545 poerit
713 3475 771 3528 sim.

305 3560 386 3613 -M.
401 3565 496 3631 posset
514 3562 573 3618 rim.
593 3559 664 3628 quod
681 3564 709 3614 et
726 3559 771 3613 Fi·

309 3644 385 3698 cinus
403 3645 530 3700 habuisse
540 3644 652 3699 videtur.
661 3674 691 3683 -
703 3644 772 3697 Edd.

307 3733 373 3784 antt.
386 3747 499 3802 possum
514 3731 571 3784 rim.
582 3729 773 3784 —Nobiscum

307 3814 411 3869 faciunt
427 3816 458 3868 L.
478 3816 507 3869 P.

269 3900 288 3931 ¹¹
308 3899 340 3952 A.
359 3899 396 3952 Et
414 3900 588 3971 cocrpucnclo
607 3931 637 3939 -
657 3899 686 3952 P.
707 3898 772 3953 Cum

306 4001 366 4055 crp.
386 4015 416 4023 —-
428 3985 459 4038 F.
481 3985 545 4040 Cum
563 3991 723 4056 crqcmcuto
740 4014 772 4022 —

306 4066 376 4122 Edd.
407 4070 533 4124 omittunt
561 4069 597 4124 Et
623 4086 705 4139 quum
739 4100 772 4106 —

306 4153 433 4206 Nostram
451 4155 591 4210 lectionem
609 4159 720 4208 tuentur
737 4153 770 4205 H.

306 4237 336 4290 L.
355 4236 393 4292 M.
412 4237 444 4294 V.
463 4244 490 4294 et
507 4239 627 4293 Ficinus.

854 2377 873 2409 ¹¹
891 2375 928 2428 M.
946 2374 1013 2428 tesi
1027 2377 1178 2445 praecessit
1190 2405 1224 2415 -
1242 2375 1274 2428 F.
1295 2374 1367 2430 Levi

887 2459 1031 2529 praecedit
1047 2459 1149 2513 quam

852 2544 873 2576 ¹¹
889 2542 922 2597 F.
941 2543 1001 2599 dico
1019 2545 1178 2615 simpliciter

852 2629 874 2661 ¹³
890 2627 923 2681 V.
941 2629 1128 2699 praedicatum
1144 2630 1340 2684 construtc'oois

908 2714 933 2766 A
954 2714 985 2768 F.
1004 2715 1037 2768 H.
1050 2715 1080 2767 L.
1095 2715 1124 2767 Ρ.
1135 2715 1167 2767 V.
1185 2721 1212 2769 et
1223 2713 1282 2768 edd.
1294 2718 1364 2767 antt.

893 2831 926 2838 -
953 2801 1068 2870 rrrajorr‘s
1095 2800 1267 2863 extremitas,
1291 2797 1366 2867 quod

894 2884 1122 2938 consentientibus
1142 2884 1200 2938 cod.
1212 2883 1250 2937 M.
1270 2888 1298 2938 et
1315 2883 1365 2936 Fi-

894 2968 954 3021 cino
974 2969 1036 3021 olim
1055 2968 1237 3036 conjeceram,
1256 2967 1285 3020 in
1303 2973 1365 3021 tex-

893 3055 951 3105 tum
968 3053 1070 3121 recepit
1086 3052 1188 3107 Fratic.

853 3140 874 3171 ¹¹
891 3137 923 3190 F.
940 3143 966 3191 et
981 3137 1039 3191 edd.
1050 3141 1116 3192 antt.
1127 3137 1153 3190 b
1171 3137 1230 3191 etO
1244 3136 1367 3192 sehabet

853 3225 872 3255 ¹¹
889 3222 922 3277 F.
931 3229 956 3277 et
966 3221 1023 3276 edd.
1037 3226 1103 3275 antt.
1111 3221 1255 3292 praecedit
1270 3221 1293 3277 C
1300 3223 1328 3277 in
1338 3222 1370 3276 F

854 3309 874 3341 ¹¹
891 3308 924 3360 A.
942 3308 973 3361 L.
992 3307 1030 3360 M.
1049 3307 1080 3360 P.
1098 3306 1131 3360 V.
1158 3305 1194 3359 m
1210 3307 1237 3360 si
1251 3306 1366 3375 ferrent

891 3421 925 3431 -
942 3391 973 3443 F.
993 3391 1029 3445 m
1047 3393 1073 3445 si
1087 3391 1180 3460 serent

853 3475 921 3529 10Ρ.
940 3477 978 3530 cd
996 3476 1071 3531 Ccst
1089 3475 1224 3530 uctoritas

850 3561 874 3594 ¹³
891 3561 923 3615 L.
936 3561 973 3614 M.
992 3561 1021 3614 P.
1035 3560 1269 3632 praecedentum
1281 3560 1364 3630 juni—

892 3647 984 3701 oribus

908 3731 940 3783 L.
959 3731 1006 3785 ubi
1019 3731 1072 3797 ipsi
1087 3729 1180 3801 Episc.
1200 3733 1264 3782 suut
1281 3760 1316 3768 —
1329 3729 1362 3783 P.

892 3814 939 3869 ubi
961 3816 1016 3885 ipsi
1037 3822 1100 3869 sunt
1126 3846 1164 3892 ,-
1190 3813 1228 3866 M.
1253 3817 1284 3866 ut
1308 3813 1366 3884 imi

891 3901 1063 3970 Episcsunt
1081 3932 1114 3940 -
1131 3900 1163 3953 F.
1182 3898 1231 3953 ubi
1246 3902 1312 3951 sunt

908 3984 947 4038 M.
966 3991 992 4038 et
1004 3985 1074 4039 Edd.
1092 3990 1156 4040 sunt
1174 3982 1363 4054 temporaliter

885 4070 1016 4140 juniores
1041 4101 1075 4109 -
1101 4069 1133 4124 F.
1156 4074 1219 4122 sucat
1240 4073 1365 4137 tempore

891 4170 1009 4208 morerer
