2940 4808
1211 268 1270 359 143

151 446 216 516 Cap.
240 450 263 499 5.
299 446 432 515 Populum
450 445 614 506 Romanum,
635 442 800 511 subjiciendo
816 443 867 497 sibi
886 432 995 508 Orbem,
1014 426 1115 497 bsonum
1132 442 1274 511 Reipubli-

305 546 365 593 cae,
385 537 411 584 et
428 530 487 584 ideo
505 529 586 583 finem
601 528 678 596 juris,
696 528 851 582 intendisse.
1232 540 1292 597 ,J

178 660 193 684 ‚‚
240 623 263 669 6,
300 615 511 682 Quemcumque,
531 615 576 682 qui
593 613 672 667 finem
688 614 758 681 juris
776 613 902 677 intendit,
922 629 983 666 cum
998 613 1061 681 jure
1078 611 1161 680 gradi.

179 744 194 769 ‚,
238 707 260 754 l.
296 701 448 753 Romanum
465 700 595 768 populum
614 688 741 752 anatura
756 699 791 752 ad
808 697 991 766 imperandum
1010 696 1163 750 ordinatum
1180 697 1271 752 fuisse.

179 827 194 850 ‚‚
240 791 263 839 8.
299 785 421 837 Romano
433 785 534 853 populo
552 783 696 852 Imperium
707 787 868 851 competere,
884 782 985 850 judicio
997 782 1194 836 Deiostensum
1204 798 1290 847 esse„

179 911 194 937 ‚‚
240 876 263 923 tl.
299 869 450 923 Romanum
468 869 597 937 populum
622 868 725 941 cunctis
749 867 969 921 athletizantibus
994 883 1042 934 pro
1061 866 1176 936 Imperio
1193 882 1273 936 prae·
1337 857 1352 863 ”

301 955 425 1008 valuisse.
993 1009 995 1014 ,

178 1082 194 1104 ,,
224 1044 262 1092 10.
300 1038 377 1106 Quod
394 1053 443 1111 per
461 1038 578 1092 duellum
595 1037 759 1105 adquiritur,
778 1037 811 1090 de
825 1036 1017 1113 jure‘athrriri.

180 1167 194 1191 ‚‚
225 1130 263 1178 ll.
299 1124 398 1177 Duella
415 1122 509 1192 populi
526 1122 649 1175 Romani.
1103 1187 1107 1201 .

181 1229 198 1295 „-
227 1213 265 1262 lt.
303 1207 440 1263 Christum
457 1206 607 1273 nascendo,
629 1207 731 1273 justam
750 1220 809 1265 esse
827 1205 1016 1258 auctoritatem
1033 1205 1140 1273 Imperii
1158 1204 1276 1258 Romani
1323 1224 1328 1239 *

306 1293 481 1361 persuasisse.
1073 1356 1075 1360 Ι
1231 1281 1236 1288 ’

179 1420 194 1444 ,,
226 1383 266 1433 13.
302 1378 440 1432 Christum
449 1376 586 1431 moriendo
602 1375 818 1444 jurisdictionem
832 1374 946 1428 Romani
963 1374 1072 1445 Imperii
1090 1389 1173 1442 supra
1188 1377 1276 1442 totum

305 1464 452 1516 humanum
469 1476 553 1528 genus
573 1459 754 1515 confirmasse.

572 1731 683 1802 ursus
701 1729 858 1784 suarius

153 1833 257 1888 Ursum
275 1849 448 1887 aucroaiuas
466 1833 644 1886 Monuacnan
663 1832 776 1886 Romaiu
797 1847 956 1883 immsmnrs
980 1847 997 1882 Α
1014 1829 1078 1883 Duo
1102 1847 1275 1896 narnnnnnr,

502 1934 539 1970 uu
557 1934 592 1970 aa
610 1933 713 1978 aarouo
732 1916 786 1968 Dar
804 1931 926 1969 monnio.

154 2073 220 2139 Cap.
246 2078 266 2124 l.
302 2070 481 2124 Prooemium.

92 2161 94 2163 ’
180 2197 196 2221 ,,
243 2160 265 2208 2.
301 2155 389 2209 Deum
407 2154 477 2208 nolle
496 2171 565 2222 quae
585 2159 700 2207 naturae
717 2152 859 2207 intentioni
876 2159 1036 2226 repugnant.

181 2282 196 2304 ‚‚
242 2245 264 2293 3.
302 2239 366 2291 Tria
384 2239 596 2292 adversariorum
613 2253 724 2304 genera,
751 2237 827 2291 etde
846 2237 941 2301 nimia,
961 2253 1039 2304 quarn
1059 2237 1136 2291 multi
1152 2237 1274 2292 traditio-

308 2324 386 2377 nibus
405 2324 540 2386 tribuunt‚
559 2323 730 2376 auctoritate.

181 2451 196 2474 ‚‚
243 2414 266 2462 4.
302 2397 764 2476 Argumentum·adversarioruma
781 2407 837 2460 sole
855 2411 881 2459 et
898 2406 963 2459 luna
981 2405 1139 2460 desumtum.

182 2536 197 2559 ‚‚
243 2499 266 2547 5.
303 2494 497 2560 Argumentum
515 2507 531 2543 a
549 2492 738 2559 praecedentia
756 2491 821 2545 Levi
841 2506 906 2559 prae
923 2491 1004 2544 Juda.

181 2621 197 2644 ,‚
243 2585 266 2634 d.
303 2580 497 2644 Argumentum
522 2592 537 2628 a
557 2575 692 2653 creatione
716 2582 743 2630 et
760 2575 926 2644 depositione
944 2575 1030 2628 Saulis
1049 2568 1097 2642 per
1116 2574 1273 2629 Samuelem.

182 2706 197 2728 ‚,
242 2670 266 2717 7.
301 2663 497 2729 Argumentum
516 2660 549 2712 ab
568 2659 704 2714 oblatione
724 2661 871 2728 Magorum.

184 2792 198 2815 ,‚
244 2753 267 2801 8.
304 2749 499 2814 Argumentum
517 2762 533 2799 a
550 2745 817 2815 potestateclavium
835 2744 915 2798 Petro
935 2760 1072 2799 concessa.

183 2874 197 2896 „
243 2838 266 2886 9.
304 2833 500 2899 Argumentum
518 2849 534 2885 a
553 2830 657 2885 duobus
674 2830 778 2898 gladiis.
987 2815 990 2826 ’

184 2959 199 2982 ,,
230 2923 267 2970 10.
305 2919 499 2984 Argumentum
517 2931 533 2969 a
551 2915 696 2969 donatione
715 2914 891 2969 Constantini.

182 3043 198 3066 ‚‚
229 3006 268 3061 tl.
304 3002 497 3068 Argumentum
530 3002 564 3054 ab
592 3000 766 3054 advocatione
799 2999 889 3052 Caroli
916 2999 1008 3066 Magni
1033 3013 1083 3067 per
1110 2997 1276 3052 Hadrianum

310 3085 420 3151 Papam.

183 3212 197 3236 ‚‚
231 3175 267 3223 12.
304 3169 470 3236 Argumenta
487 3186 504 3223 a
521 3170 626 3224 ratione
644 3169 766 3223 deducta.

182 3297 197 3320 ‚,
228 3260 267 3310 13.
304 3254 500 3309 Auctoritatem
510 3253 649 3308 Ecclesiae
666 3270 719 3308 non
737 3269 797 3307 esse
816 3267 926 3306 causam
934 3252 1083 3320 Imperialis
1096 3252 1274 3307 auctoritatis.

183 3382 198 3405 ,‚
230 3345 268 3393 14.
304 3338 456 3392 Ecclesiam
473 3339 555 3390 talem
572 3337 758 3391 auctoritatem
777 3337 977 3406 nequeaDeo,
995 3353 1081 3406 neque
1100 3353 1170 3404 ase,
1189 3351 1277 3404 neque

310 3424 343 3476 ab
363 3422 452 3489 aliquo
470 3421 636 3489 Imperatore
654 3423 795 3490 recepisse.

184 3551 198 3577 ,,
229 3515 266 3562 15.
304 3509 439 3560 Virtutem
450 3503 634 3558 auctorizandi
650 3505 793 3572 Imperium
804 3522 862 3561 esse
882 3514 977 3562 contra
994 3514 1119 3561 naturam
1128 3503 1276 3560 Ecclesiae.

182 3638 197 3661 ,‚
228 3601 267 3649 ro.
304 3590 499 3647 Auctoritatem
517 3587 625 3655 Imperii
642 3587 793 3643 immediate
811 3592 960 3660 dependere
979 3609 995 3645 a
1013 3593 1079 3645 Deo.
