2940 4808
202 299 242 361 62
498 300 634 356 DANTIS
652 301 872 357 MONARCHIA
888 302 923 356 11.
942 302 971 356 Ο.
992 307 1015 355 ἵ.

151 493 183 546 30
200 480 316 540 natura
329 472 508 559 pertingere
522 493 585 539 non
599 478 706 557 potest
720 492 888 559 perunum
904 473 1073 557 hominem,
1089 492 1187 555 quum
1201 475 1320 544 multae

200 576 263 641 siut
277 575 479 659 operationes
489 576 689 641 necessariae
699 575 742 640 ad
752 575 866 660 ipsum,
883 593 965 656 quae
971 574 1207 643 multitudinem
1216 578 1318 659 requi-

198 681 272 742 runt
293 676 327 741 in
349 676 567 761 operantibus;
590 696 723 744 neeesse
737 683 786 744 est
801 681 947 742 naturam
968 675 1142 761 produeere
1157 675 1320 744 hominum

200 778 434 845 multitudinem
457 779 499 844 ad
521 779 667 845 divemas
689 779 890 864 operationes
912 777 1142 861 ordinatorum,
1166 776 1210 842 ad
1233 779 1316 860 quod

199 881 332 946 multum
362 881 539 963 conferunt,
568 885 697 966 praeter
722 880 917 965 superiorem
937 878 1149 963 influentiam,
1178 880 1318 946 locorum

149 1003 181 1057 35
198 981 382 1049 inferiorum
404 983 537 1049 virtutes
561 988 593 1049 et
620 982 840 1068 proprietates.
884 983 1018 1066 Propter
1047 980 1134 1063 quod
1161 981 1318 1068 videmus,

226 1133 249 1167 ³⁰
266 1133 299 1188 F.
316 1138 417 1188 natura
432 1135 566 1203 attinqere
851 1148 897 1186 sas
914 1132 1093 1202 operationes.
1112 1161 1144 1172 -
1159 1131 1198 1186 M.
1216 1137 1246 1188 et
1263 1133 1319 1191 edd.

225 1218 248 1252 ³¹
265 1218 297 1272 F.
315 1225 380 1273 sunt
396 1219 569 1290 operationes
852 1216 890 1270 ad
904 1217 1076 1287 operationes

282 1302 315 1358 F.
332 1303 365 1356 P.
383 1304 626 1358 necessariissimae
644 1333 678 1343 -
695 1304 733 1358 M.
811 1301 835 1334 ³⁴
852 1300 883 1354 F.
902 1301 932 1355 P.
951 1301 1063 1356 muitum
1080 1301 1210 1370 conferre
1226 1307 1318 1373 potest

247 1444 249 1451 .
267 1387 299 1442 V.
318 1403 427 1443 neeesse
852 1416 886 1424 -
902 1385 935 1439 V.
955 1386 1068 1439 muitum
1085 1386 1197 1455 confert

225 1473 248 1506 ³³
265 1472 303 1526 M.
322 1472 353 1526 P.
371 1473 488 1543 requirit
499 1471 573 1525 —F.
583 1473 734 1542 requiritur
869 1470 901 1524 F.
918 1470 950 1524 P.
969 1470 1096 1524 omittunt
1107 1475 1224 1542 praeter

283 1558 315 1611 V.
334 1558 363 1611 in
380 1555 584 1627 operationibus
870 1554 901 1608 F.
920 1556 1093 1625 superiorum
1111 1553 1256 1624 influentia

225 1642 248 1675 ³³
266 1642 299 1694 A.
316 1641 348 1695 F.
366 1641 400 1694 H.
419 1642 451 1696 L.
470 1641 501 1695 P.
520 1671 553 1680 -
571 1641 602 1692 V.
620 1639 658 1695 ad
674 1656 732 1694 aer·
811 1640 834 1672 ³⁵
851 1638 885 1693 H.
894 1644 921 1693 et
930 1639 990 1695 edd.
999 1639 1164 1708 inferiorum
1172 1644 1200 1694 et
1207 1641 1317 1696 uirtutes

266 1795 288 1828 ³¹
306 1794 367 1849 adi
387 1809 446 1847 sum
468 1791 549 1846 finem
572 1791 683 1846 humani
699 1792 814 1860 generis.
901 1792 925 1823 ³³
942 1791 1152 1860 ‚‚superi0rem:“
1170 1798 1239 1862 puta
1256 1810 1316 1850 coe·

197 1863 283 1918 lorum
306 1863 330 1930 ,‚'
373 1861 517 1916 nentium.“
603 1862 626 1894 ³³
649 1860 724 1914 Idem
746 1859 804 1914 fere
828 1866 1014 1929 argumentum
1036 1863 1138 1915 tractat
1153 1860 1274 1918 Auaron
1289 1863 1316 1918 iu

197 1930 295 1986 Parad.
312 1929 386 1986 VHI.
406 1933 437 1983 97
457 1945 513 1998 sqq.

400 2021 441 2076 Le
459 2022 509 2076 ben
527 2019 575 2076 ede
594 2025 662 2075 tutto
680 2021 702 2074 ii
717 2037 803 2093 reqno
821 2019 870 2075 aiae
888 2024 916 2074 tu
933 2020 1033 2075 scandi

474 2089 561 2160 Veiqe
578 2105 592 2143 e
610 2094 749 2151 contenta,
765 2089 801 2158 fa
818 2103 891 2142 esser
908 2089 1007 2142 virtute

467 2155 527 2212 Sua
540 2157 727 2228 praevideaza
745 2159 773 2211 in
791 2157 881 2227 questi
896 2159 976 2228 eorpi
990 2157 1107 2228 prandi;

400 2248 428 2304 Ε
443 2265 497 2304 non
510 2266 570 2321 pur
588 2250 613 2304 le
629 2256 727 2304 nature
739 2250 908 2321 pronaedute

467 2316 524 2371 Son
542 2318 614 2373 neila
632 2324 719 2372 mente
736 2317 776 2374 eia'
794 2320 808 2372 i
825 2317 861 2372 da
879 2319 907 2372 se
918 2321 1058 2390 perfetta,

469 2384 517 2439 Ma
534 2401 592 2440 esse
610 2387 719 2440 insieme
736 2403 787 2441 eon
805 2387 832 2441 la
849 2387 893 2441 ior
908 2388 1003 2444 salute.

399 2477 455 2533 Per
473 2477 522 2534 ede
539 2485 716 2551 quantunque
734 2486 828 2550 questa
845 2495 910 2534 arao
927 2488 1015 2538 saetta
1058 2542 1061 2547 ,

464 2546 593 2618 Disposto
611 2548 677 2603 eade
694 2566 712 2602 a
724 2547 895 2618 provveduto
909 2549 980 2617 fine,
1000 2563 1004 2568 ’

467 2613 497 2669 Si
515 2632 590 2671 eome
607 2631 672 2670 eosa
690 2618 718 2670 in
735 2631 786 2670 sue
802 2630 887 2687 sequa
904 2617 1011 2673 diretta.

398 2706 436 2763 Se
453 2710 495 2765 aid
512 2725 567 2764 aon
582 2708 673 2777 fosse,
692 2710 715 2764 ii
730 2711 782 2764 eiel
797 2708 846 2764 eise
864 2715 893 2763 tu
911 2714 1062 2768 cummine'

464 2776 671 2833 &adiacerebbe
688 2777 711 2832 si
731 2778 753 2832 a·
767 2779 830 2832 suoi
846 2777 944 2848 effetti,

468 2844 593 2900 caenon
611 2845 754 2901 sarebbero
772 2846 842 2910 arti,
860 2862 904 2900 ma
921 2849 1016 2912 raine;

400 2937 428 2993 Ε
443 2939 484 2993 aii
503 2954 576 2993 esser
592 2954 648 2993 non
660 2942 737 3009 pao,
753 2954 782 2992 se
799 2939 835 3011 qr
853 2939 979 2995 intelletti
1022 2966 1025 2970 ·
1076 2994 1079 2998 ,

468 3005 521 3061 Che
537 3022 633 3061 moron
651 3011 743 3076 queste
759 3007 836 3061 stelle
852 3023 908 3061 non
924 3023 975 3063 son
992 3010 1114 3076 maneti,

467 3073 495 3128 Ε
510 3091 606 3130 manaa
624 3075 646 3128 ii
656 3076 749 3146 prima
767 3074 816 3130 alae
832 3090 886 3129 non
903 3077 946 3147 qa·
961 3075 997 3131 ita
1008 3080 1135 3150 perfetti.

404 3165 477 3220 Vuoi
493 3172 521 3218 tu
539 3166 588 3221 eie
624 3173 700 3222 nesto
718 3183 764 3221 aer
776 3168 830 3238 piei
848 3169 871 3222 ti
885 3170 905 3222 s'
924 3171 1088 3226 imbianadi?

466 3232 513 3288 Ed
528 3235 571 3288 io:
618 3250 653 3288 an
670 3237 730 3306 qia,
742 3234 846 3307 perede
863 3237 1015 3306 impassibii
1030 3242 1128 3312 veqqio

468 3300 521 3356 Che
539 3302 566 3356 ia
584 3309 696 3370 natura,
715 3304 744 3356 in
762 3303 825 3370 quel
840 3303 879 3359 ali
898 3307 912 3360 e
928 3322 1015 3378 napo,
1033 3308 1147 3365 staualti.

399 3392 465 3448 Ond
483 3396 540 3465 epti
554 3412 673 3451 ancora:
694 3395 732 3451 Or
749 3396 795 3461 di’,
812 3398 924 3453 sarebbe
941 3398 963 3452 il
973 3401 1079 3471 peqqio

467 3461 522 3516 Per
539 3463 555 3517 i
573 3480 653 3518 nomo
672 3465 700 3518 ia
718 3472 806 3531 terra,
824 3481 854 3519 se
871 3482 926 3520 naa
942 3467 1020 3536 fosse
1037 3471 1111 3523 aiae?

465 3527 509 3597 Si,
527 3532 623 3602 respos’
642 3533 683 3597 io,
702 3550 716 3586 e
734 3535 784 3603 qui
798 3534 897 3605 raqion
915 3551 970 3589 non
987 3537 1108 3607 eaeqqio.

396 3621 425 3677 E
434 3626 495 3695 pua*
513 3625 570 3695 eqli
586 3641 674 3692 esser,
694 3641 724 3679 se
739 3627 789 3697 qiu
806 3643 861 3681 non
878 3629 976 3683 siriae

465 3691 667 3748 Biaersamente
681 3710 734 3764 per
751 3693 852 3749 diversi
867 3695 967 3766 offici?

464 3759 522 3827 No,
540 3777 570 3815 se
587 3763 609 3817 ii
624 3767 740 3816 maestro
758 3768 849 3818 vostro
866 3765 916 3819 ben
934 3765 962 3818 ai
976 3766 1070 3820 seriae.

396 3849 428 3907 Si
445 3869 530 3908 aenne
547 3853 703 3910 deducendo
722 3856 807 3924 infino
825 3874 842 3910 a
860 3858 935 3926 quiet
938 3876 950 3921 ;

465 3921 564 3977 Poseia
581 3921 740 3978 aonehiuse:
758 3923 877 3995 Dunqae
893 3941 967 3979 esser
984 3926 1089 3983 diverse

465 3989 582 4046 Conaien
599 3991 646 4045 dei
661 3993 746 4046 nostri
761 3992 849 4062 effetti
864 3991 889 4045 le
905 3993 1006 4048 radici:

395 4079 451 4136 Per
468 4081 517 4138 ede
534 4098 572 4136 un
589 4099 671 4139 nasae
689 4083 791 4139 Selene
808 4085 843 4140 ed
859 4086 930 4141 uitro
947 4086 1049 4154 Xerse,

463 4150 541 4205 Aitro
556 4150 766 4214 Melchisedech,
784 4152 819 4207 ed
834 4154 906 4208 altra
925 4155 1016 4224 quello

466 4217 518 4273 Che
535 4220 651 4274 palaredo
663 4236 719 4291 per
737 4220 753 4272 t
771 4237 849 4286 aere,
868 4223 889 4276 ii
901 4222 980 4293 fiqiio
992 4239 1086 4295 perse.
