2940 4808
566 309 850 367 PROLEGOMENA.

253 487 299 556 Ad
321 496 441 556 textum
469 487 604 557 latinum
634 498 721 556 recte
749 486 1023 576 constituendum,
1051 509 1147 581 quam
1169 486 1268 580 pluri-

151 639 242 686 mum
282 626 367 684 certe
401 614 552 685 conferre
586 624 711 708 poterat
743 612 816 684 libri
844 612 1268 704 Palatino-Vaticani,

152 743 206 839 qui
239 742 379 837 optimae
413 752 506 811 notae
541 742 770 835 manuscriptis
806 740 1071 811 adnumerandus
1099 751 1162 829 est,
1196 740 1270 809 ‹titi-

151 893 233 964 gens
267 869 469 939 examinatio.
523 867 617 938 Hunc
651 867 794 938 laborem
830 868 860 937 in
896 892 930 938 se
958 868 1141 962 suscepisse
1169 867 1270 937 refert

151 997 255 1067 editor
281 994 397 1088 („Non
420 994 539 1065 luscini
558 995 592 1064 di
609 1018 709 1088 porro
728 1018 748 1062 a
769 996 929 1089 propltio.
952 1048 959 1062 .
981 1050 987 1062 .
1010 995 1059 1064 at
1083 993 1152 1066 cod.
1179 991 1268 1062 Voti·

153 1147 245 1208 cono,
274 1123 455 1192 ceaminutu
484 1122 527 1191 dn
552 1145 602 1191 nro
629 1124 792 1214 eteeso“),
822 1133 868 1210 et,
902 1122 927 1192 si
955 1133 1101 1192 accurate
1130 1147 1169 1193 eo
1197 1147 1269 1217 per-

154 1251 285 1321 functus
312 1259 408 1339 esset,
437 1249 571 1319 mirilico
599 1247 743 1318 codicem
773 1247 864 1318 illum
893 1272 967 1318 cnm
997 1249 1164 1344 impressis
1192 1274 1269 1320 con·

153 1401 269 1448 sonare
295 1375 469 1446 dicendum
500 1376 598 1459 lorot3
626 1399 684 1470 per
701 1375 847 1469 integros
866 1376 953 1446 enim
981 1389 1045 1446 tres
1064 1375 1270 1448 Monarchiae

153 1504 254 1575 libros
287 1526 354 1572 non
389 1504 461 1599 plus
496 1527 592 1599 quam
621 1502 751 1596 triginta
779 1502 921 1573 Vaticani
949 1503 1070 1574 codicis
1097 1505 1199 1575 varias
1227 1506 1271 1576 le·

154 1633 277 1703 cilones
312 1629 403 1699 virleu
438 1640 573 1700 notatas.
626 1629 707 1700 Rem
735 1653 810 1699 vero
839 1629 935 1722 longe
962 1631 1054 1701 aliter
1080 1654 1114 1702 se
1143 1630 1271 1722 habere,

154 1758 392 1830 adnotationem
415 1767 569 1846 nostram,
596 1756 699 1827 obiter·
726 1757 833 1845 etiam,
851 1754 1069 1852 perlustrans,
1097 1756 1269 1852 intelliges.

155 1885 248 1969 Quod
269 1908 343 1954 vero
372 1884 563 1973 mirabilius²
591 1883 720 1976 triginta
749 1883 876 1953 illarum
904 1884 1093 1975 lectionum,
1119 1885 1270 1956 aanrio

155 2012 346 2100 relatarum,
374 2035 437 2081 non
468 2011 577 2081 minus
604 2020 727 2106 septem
756 2010 848 2080 aliter
876 2035 972 2106 qnam
1002 2013 1033 2082 in
1063 2013 1133 2108 ipso
1160 2013 1271 2084 codice

157 2139 314 2241 lralientnr
332 2138 485 2228 exhiberi,
504 2137 702 2208 lloelrleri
723 2137 859 2226 collatio,
878 2162 973 2233 quam
993 2140 1270 2211 accrnatissimam

155 2290 227 2337 esse
250 2263 371 2359 judico,
397 2274 536 2335 statuere
564 2289 624 2335 nos
647 2260 784 2362 jobeth)

240 2533 259 2596 ι)
277 2530 362 2584 Liui
381 2546 439 2598 cap.
454 2536 480 2584 ti
494 2531 538 2584 liu.
550 2534 590 2592 82,
600 2535 632 2585 83
650 2531 686 2584 ad
705 2531 746 2585 sui
764 2537 855 2586 textus
873 2531 970 2586 verba:
989 2534 1030 2586 Et
1048 2548 1182 2588 rursus:
1202 2534 1273 2588 Ho-

156 2625 261 2679 mines
279 2622 499 2692 principibus
517 2623 596 2678 aliis
613 2625 893 2694 appropinquant
910 2630 987 2679 notat
1000 2626 1079 2680 Turr.
1095 2626 1156 2691 „Sic
1169 2627 1272 2682 inCod.

157 2716 244 2770 Vatic.
256 2717 458 2772 -Homines
475 2717 553 2772 deest
570 2717 596 2770 in
616 2717 722 2785 vulg‚“;
742 2717 791 2772 sed
811 2733 866 2771 vox
883 2716 1049 2784 homines,
1068 2722 1274 2789 quaenequein

157 2808 453 2876 Palatino-Vaticano,
483 2825 571 2880 neque
599 2811 626 2864 iu
652 2811 706 2864 ulio
733 2810 786 2864 alio
814 2825 907 2864 eorum
934 2812 980 2878 qni
1009 2812 1072 2867 mihi
1097 2815 1275 2867 innotuerunt

157 2903 226 2957 libro
244 2919 325 2957 manu
342 2909 454 2958 exarato
472 2903 595 2966 habetur,
614 2920 688 2959 mero
699 2903 790 2957 Turrii
808 2903 919 2958 arbitrio
930 2910 1044 2973 accepto
1058 2907 1274 2962 ferendumn-

157 2996 262 3050 Eodem
286 2995 343 3050 lere
361 2997 443 3051 modo
473 2997 565 3065 lapsus
583 3002 625 3051 est
643 2997 669 3050 in
688 2997 749 3051 loco
767 2997 827 3051 Lib.
846 2996 871 3050 ll
890 3011 948 3066 cap.
971 3002 978 3049 1
1002 2999 1046 3051 lin.
1070 3004 1114 3068 18,
1140 3015 1220 3068 quem
1247 3000 1274 3053 in

154 3074 237 3144 'textu
255 3090 293 3143 ita
311 3089 391 3157 legit:
410 3094 447 3144 ut
465 3091 697 3144 adversentur
711 3089 855 3143 Domino
873 3104 950 3155 suo,
969 3097 1000 3145 et
1018 3092 1116 3146 unico
1135 3093 1275 3146 suoRo·

158 3198 258 3236 mano
276 3181 439 3250 Principii,
467 3183 494 3236 iu
513 3188 661 3237 notavere
681 3183 764 3237 refert
783 3184 846 3246 „Sic
864 3199 914 3238 nos
932 3199 992 3238 cum
1012 3185 1041 3248 C.
1059 3186 1121 3240 Vet.
1141 3191 1170 3240 et
1190 3185 1276 3240 licini

159 3276 293 3330 versione:
315 3277 390 3342 vulg.
409 3259 537 3330 uno‘tost‘
574 3277 698 3330 Revera
722 3282 811 3330 autem
835 3282 890 3329 tam
909 3276 1070 3332 Pal-Velio.
1089 3293 1169 3348 quam
1190 3279 1275 3334 Feiin.

159 3367 289 3423 exhibeat
311 3374 345 3423 et
369 3375 475 3424 uncto
497 3385 558 3423 suo
577 3371 666 3423 Rom.
685 3369 789 3423 Princ.
810 3401 839 3408 —
866 3369 965 3424 Ultima
988 3371 1084 3438 cepitis
1111 3373 1225 3426 secundi
1249 3374 1275 3426 in

159 3463 256 3517 eodem
280 3462 348 3516 libro
362 3463 455 3517 aerbo
479 3465 517 3516 ita
541 3463 682 3517 constituit
704 3462 829 3517 Turrius:
857 3478 925 3517 cum
953 3469 985 3517 et
1011 3463 1153 3518 humanu
1181 3473 1277 3519 extra

160 3564 361 3625 quaeratur,
384 3571 450 3611 nou
469 3556 573 3610 aliter
598 3572 693 3625 qnam
713 3571 770 3623 per
788 3557 901 3624 signa,
927 3557 1102 3623 voluntas,
1130 3558 1221 3626 quod,
1248 3566 1277 3612 ut

160 3664 253 3704 verum
278 3649 381 3710 dicem,
400 3665 483 3703 sensu
502 3655 588 3705 caret
620 3649 673 3704 Sed
692 3658 757 3704 nota
774 3650 809 3704 ed
828 3650 895 3705 haec
914 3650 998 3704 verba
1015 3651 1142 3717 apposita
1178 3651 1277 3719 triplici

159 3758 250 3798 errore
269 3743 389 3799 laborat:
413 3742 509 3797 laisum
530 3744 600 3796 enirn
619 3749 799 3808 esu'texrum
817 3744 907 3797 Turrii
924 3759 1073 3797 consonum
1093 3759 1153 3798 esse
1170 3745 1277 3799 italicae

159 3837 288 3901 versioni,
305 3851 376 3904 quae
394 3837 431 3890 ita
449 3842 583 3903 concepte
596 3842 646 3890 est:
668 3836 884 3904 „conciosrr'aclrt
901 3836 987 3890 anche
1005 3837 1032 3890 la
1050 3853 1151 3892 amana
1168 3837 1278 3892 colonio

160 3944 215 3982 non
232 3930 258 3983 si
274 3945 433 3986 conoscere
450 3945 505 3984 non
520 3932 563 4000 pe'
581 3931 659 4002 sequi
675 3933 828 3992 esteriori“,
847 3930 906 3990 nbi,
930 3935 960 3983 nt
977 3930 1030 3983 alia
1047 3936 1165 3994 taceam,
1193 3935 1279 3998 petet,

161 4038 233 4086 „non
245 4022 430 4076 siconoscese
445 4028 518 4076 noa“
536 4023 702 4091 respondere
713 4023 802 4078 verbis
820 4039 884 4077 non
903 4023 1006 4078 aliter
1025 4030 1204 4086 cernetur,
1222 4040 1278 4079 non

161 4129 227 4169 vero
245 4114 285 4180 iis,
304 4128 373 4181 quae
390 4115 472 4169 habet
489 4115 610 4181 Tertius,
629 4122 827 4186 quaeratur,
846 4132 911 4170 aon
930 4118 1042 4172 aliter.
1071 4117 1165 4186 Neque
1183 4133 1278 4172 verum

163 4211 218 4261 est:
245 4207 292 4272 „In
310 4208 446 4275 vulgatie“
471 4208 497 4272 (i.
517 4225 539 4262 e.
557 4210 586 4262 in
606 4210 773 4264 editionibus
792 4209 905 4264 Venetis
923 4215 987 4274 eto.)
1007 4212 1112 4273 „minus
1130 4215 1207 4266 recte
1224 4211 1280 4280 legi
