2940 4808
430 327 566 384 DANTIS
584 328 803 384 MONARCHIA
819 330 841 384 1.
859 328 888 383 C.
908 334 948 383 11.
968 332 1029 396 (13).
1258 327 1296 390 19

261 501 304 566 nt
331 501 435 586 prima
460 500 637 584 propositio
666 499 880 566 declaratione
907 501 1120 586 praecedente
1148 509 1295 589 apparet;
1314 522 1351 572 rs

175 604 261 670 elia
289 604 336 669 sic
365 600 555 686 ostenditur,
579 607 610 669 et
630 602 767 687 primum
790 607 940 683 quantum
962 602 1006 667 ad
1026 606 1152 687 velle,
1182 603 1297 674 deinde

176 711 330 788 quantum
358 703 401 769 ad
428 723 562 787 posse:
598 703 652 769 Ad
679 703 873 770 evidentiam
901 704 1019 789 primi
1040 706 1215 772 notandum
1237 711 1295 792 est,

176 806 264 890 quod
284 805 425 872 iustitiae
439 804 577 872 maxime
600 806 809 871 contrariatur
824 805 990 890 cupiditas,
1010 812 1045 870 ut
1059 808 1162 873 innuit
1175 808 1295 876 Aristo-

174 909 256 976 teles
278 907 311 972 in
334 908 442 989 quinto
465 907 508 972 ad
529 906 767 973 Nicomachum.
811 908 947 974 Remota
964 907 1138 991 cupiditate
1160 910 1296 994 omnino,

173 1010 254 1076 nihil
282 1009 423 1075 iustitiae
455 1012 555 1075 restat
588 1007 774 1092 adversum3
809 1007 894 1074 unde
922 1010 1079 1076 sententia
1107 1010 1297 1093 Philosophi
1314 1030 1349 1080 so

173 1117 238 1197 est,
272 1116 308 1177 ut
336 1130 418 1192 quae
445 1111 518 1191 lege
547 1108 751 1176 determinari
777 1114 926 1194 possunt,
959 1111 1047 1178 nullo
1075 1111 1169 1178 modo
1197 1110 1296 1178 iudici

172 1214 406 1294 relinquantur,
436 1215 469 1276 et
490 1212 551 1277 hoc
572 1216 658 1277 metu
681 1210 864 1297 cupiditatis
885 1211 955 1278 fieri
977 1191 1116 1298 oportet,
1145 1213 1186 1279 de
1207 1213 1295 1279 facili

174 1320 296 1383 mentes
318 1313 480 1379 hominum
504 1312 729 1394 detorquentis.
773 1313 839 1379 Ubi
853 1331 929 1394 ergo
944 1336 1008 1382 non
1023 1319 1072 1381 est
1094 1315 1181 1397 quod
1193 1314 1296 1401 possit

174 1419 293 1502 optari,
321 1415 520 1501 impossibile
543 1421 590 1480 est
611 1414 658 1480 ibi
681 1414 888 1499 cupiditatem
910 1436 995 1500 esse,
1021 1417 1187 1483 destructis
1209 1416 1294 1484 enim

173 1515 321 1599 obiectis,
355 1517 521 1601 passiones
551 1535 622 1582 esse
652 1536 715 1581 non
742 1523 884 1601 possunt.
936 1516 1002 1583 Sed
1028 1519 1202 1585 Monaroha
1228 1539 1293 1585 non
1310 1537 1347 1588 55<

171 1620 269 1686 habet
291 1619 377 1700 quod
397 1617 501 1702 possit
523 1622 648 1701 optare,
672 1619 741 1682 sua‘
751 1637 889 1700 namque
908 1618 1085 1685 iurisdictio
1108 1620 1293 1686 terminatur

172 1721 300 1788 Oceano
322 1720 434 1802 solum,
459 1717 546 1801 quod
566 1738 629 1784 non
652 1718 805 1800 contingit
825 1720 1023 1804 principibus
1045 1721 1134 1805 aliis,
1161 1739 1293 1803 quorum

169 1822 366 1908 principatus
394 1820 438 1886 ad
464 1820 547 1885 alios
575 1819 796 1904 terminantur,
826 1827 860 1885 ut
889 1826 967 1904 puta
995 1822 1093 1902 Regis
1122 1823 1293 1906 Oastellae,

120 1915 122 1919 ⁴
170 1923 212 1990 ad
244 1924 336 1988 illum
371 1923 426 2005 qui
460 1922 558 2003 Regis
589 1921 782 2002 Aragonum.
833 1921 884 1988 Ex
919 1942 980 2004 quo
1014 1924 1171 2009 sequitur,
1206 1923 1293 2005 quod

169 2026 342 2092 Monaroha
372 2024 619 2090 sincerissimum
646 2022 728 2088 inter
755 2025 906 2091 mortales
927 2024 1068 2091 iustitiae
1097 2025 1199 2111 possit
1220 2044 1291 2092 esse
1309 2033 1342 2083 60

170 2128 356 2194 subiectum.

253 2231 433 2312 Praeterea,
459 2226 726 2310 quemadmodum
745 2226 903 2311 cupiditas
923 2228 1122 2295 habitualem
1136 2229 1290 2295 iustitiam

169 2330 421 2414 quodammodo,
445 2320 733 2412 quantumcumque
754 2347 872 2412 pauca,
897 2331 1072 2414 obnubilat,
1095 2331 1141 2397 sic
1164 2331 1288 2413 caritas,

189 2514 212 2546 ⁴⁵
229 2512 260 2565 F.
278 2512 312 2566 H.
331 2512 364 2567 L.
382 2513 421 2566 Μ.
432 2511 462 2567 P.
472 2512 547 2567 V.—
564 2511 635 2566 nde.
654 2517 702 2566 etc.
780 2513 802 2545 ⁵³
820 2512 850 2566 P.
869 2511 1006 2568 hominum
1025 2517 1175 2584 torquentis

234 2594 328 2650 Primo
341 2598 498 2668 propositio
778 2598 800 2630 ⁵⁷
818 2597 852 2650 H.
874 2596 980 2653 Oceano
998 2599 1055 2652 solo

189 2681 213 2714 ⁴⁶
230 2681 262 2734 Α.
273 2680 306 2734 Η,
317 2681 355 2734 Μ.
366 2683 399 2736 V.
411 2681 597 2734 ostenditcret
609 2680 702 2749 primo
820 2681 852 2734 F.
872 2682 947 2750 quod
962 2699 1016 2737 aon
1034 2685 1157 2738 convenit

250 2764 281 2818 F.
301 2771 431 2834 quantum
451 2766 485 2819 dc
501 2764 568 2818 celle
777 2767 800 2798 ⁵⁸
816 2766 850 2819 A.
869 2771 901 2818 ct
915 2771 985 2836 pata
1002 2767 1088 2836 Repis
1107 2766 1215 2821 Ciciliac
1263 2804 1265 2811 ·

187 2850 211 2882 ⁴⁷
228 2849 266 2903 M.
277 2849 308 2903 P.
318 2879 351 2888 -
361 2848 389 2901 in
405 2849 464 2903 aliis
483 2848 557 2902 deest
574 2855 613 2901 cst
630 2849 701 2902 inter
777 2853 801 2883 ⁶⁰
818 2850 850 2903 F.
867 2852 940 2904 intro
957 2852 1085 2905 mortales

232 2933 702 3002 cotuudumetquocliustc't.-Unus
1114 2934 1119 2941 '

231 3018 263 3071 F.
281 3018 364 3073 habet
380 3017 528 3081 sciendum,
547 3017 621 3086 quod
638 3019 700 3071 iusi.

230 3172 254 3206 ⁴⁵
269 3170 412 3235 Iustitiam,
431 3169 540 3233 scilicet,
550 3169 716 3237 potissimam
726 3169 823 3223 essein
835 3169 943 3234 mundo,
962 3169 1069 3238 quando
1078 3170 1148 3224 inest
1163 3171 1285 3226 subiecto

159 3239 341 3294 volentissimo
359 3243 387 3293 et
404 3237 599 3306 potentissimo.
668 3240 692 3271 ⁴⁶
709 3237 794 3302 Puta,
818 3237 971 3292 huiusmodi
1002 3238 1089 3293 solum
1108 3238 1285 3292 Monarcham

159 3323 227 3362 asse.
298 3309 322 3339 ⁴¹⁹
340 3307 405 3375 Oap.
425 3312 448 3358 4.
486 3306 581 3359 Versio
599 3310 689 3360 vetus:
713 3304 810 3369 „Circa
835 3305 901 3360 alias
920 3305 1027 3374 quidem
1045 3322 1136 3360 omnes
1154 3305 1284 3361 iustifica-

157 3375 246 3430 tiones
265 3376 294 3439 t?
310 3389 408 3442 graece
426 3369 590 3440 ἀδικήματα,
608 3373 694 3428 versio
709 3373 925 3427 Dronhsnnnu
940 3378 1038 3438 †157·2.
1060 3375 1283 3439 ,.iniustefacta“)
1308 3430 1311 3439 ,

159 3443 190 3497 fit
207 3443 304 3497 relatio
330 3442 366 3496 ad
392 3441 526 3509 quondam
549 3442 678 3496 malitiam
703 3457 807 3510 semper
825 3483 905 3496 .....
940 3442 969 3496 Si
986 3448 1076 3496 autem
1093 3443 1214 3497 lucratus
1232 3447 1282 3508 est,

159 3527 191 3565 ne
211 3527 245 3565 ue
262 3511 297 3564 ad
315 3526 397 3564 unam
414 3509 551 3571 malitiam,
569 3508 675 3564 sedvel
698 3510 733 3564 ad
756 3509 940 3564 iniustitiam.“
966 3541 997 3549 -
1023 3511 1139 3564 Trionis
1156 3514 1282 3572 AQUINAS

157 3527 222 3633 ibid.
242 3578 289 3644 „si
307 3578 404 3646 aliquis
421 3577 574 3655 inordinate
591 3576 713 3631 lucratus
732 3584 780 3643 est,
799 3578 946 3647 surripiens
963 3578 1059 3643 aliena,
1078 3576 1280 3632 hocncnredu-

157 3647 228 3700 citur
245 3645 280 3699 ad
298 3647 415 3714 aliquam
423 3645 503 3699 aliem
512 3645 650 3710 mahtiam‚
668 3645 715 3699 sed
727 3644 1051 3700 adsolaminiustitiam.“
1121 3648 1144 3679 ⁵⁰
1160 3645 1280 3698 Arusac-

156 3731 241 3768 unnns
260 3713 397 3768 Rhetoric.
414 3714 436 3767 Ι.
449 3718 471 3766 1.
491 3712 578 3776 (cuius
588 3713 651 3767 libri
659 3713 870 3777 translationem,
890 3714 997 3768 saeculo
1008 3714 1127 3768 auctoris
1137 3712 1279 3780 cognitam,

154 3799 210 3837 non
227 3781 315 3836 habeo
334 3781 370 3836 ad
387 3787 493 3844 manus)
511 3779 640 3831 Μάλιστα
650 3821 656 3832 .
668 3822 674 3833 .
686 3821 693 3834 .
711 3782 838 3850 προςήκει
849 3781 914 3839 τοὺς
924 3778 1016 3848 ὀρθῶς
1024 3783 1161 3848 κειμένους
1170 3782 1279 3848 νόμους,

155 3849 208 3902 ὅσα
226 3847 373 3918 ἐνδέχεται,
393 3846 632 3917 πάντα,διορι’ζειν
651 3845 757 3907 αὐτοὺς,
776 3854 821 3899 καὶ
840 3844 883 3900 ὅτι
900 3847 1029 3918 ἐλάχιστα
1046 3848 1215 3900 καταλείπειν
1235 3846 1279 3900 ἐπὶ

154 3923 212 3975 τοῖς
236 3917 369 3986 κρίνουσι.
411 3917 515 3979 (Versio
538 3917 814 3980 Ann.chconon1†
835 3920 909 3971 1599.
953 3917 1088 3983 „Mamme
1108 3916 1189 3985 igitur
1213 3931 1278 3970 con·

154 3986 226 4041 venit
243 3991 317 4040 recte
334 3986 405 4038 latas
423 3986 503 4054 leges,
522 4000 704 4054 quaecumque
721 3987 845 4063 possunt,
864 3984 953 4038 omnia
969 3985 1042 4053 ipsas
1061 3984 1232 4052 distinguere,
1250 3988 1279 4039 et

153 4069 232 4123 quam
252 4052 416 4123 paucissima
433 4053 583 4120 relinquere
600 4053 633 4108 iis
657 4053 703 4121 qui
725 4051 884 4118 1udicant.“)
970 4052 1119 4106 ⁵⁷V1ao1n.
1139 4053 1237 4107 Aeneis
1253 4052 1275 4107 I.

152 4126 211 4176 287.
240 4123 385 4175 Aucnouis
403 4121 516 4190 epistole
531 4121 721 4175 adHenricum
730 4121 790 4173 VII.
805 4123 855 4185 53.
886 4119 1215 4190 „Romanorumpotestas
1225 4162 1230 4173 .

151 4189 186 4244 de
204 4189 351 4244 inviolabili
377 4188 436 4243 iure
461 4189 560 4243 fluctus
587 4189 762 4258 Amphitrites
787 4189 935 4255 attingens,
962 4187 1006 4242 vix
1032 4190 1066 4244 ch
1089 4189 1178 4244 inutili
1203 4188 1277 4243 unda

152 4257 255 4313 Oceani
273 4272 302 4311 se
320 4257 491 4325 circumcingi
508 4256 661 4327 dignatur.“

1093 4345 1125 4394 2*
