2940 4808
157 307 273 365 xxmv
589 308 873 365 PROLEGOMENA.

207 483 342 578 privare,
368 482 394 554 si
415 482 581 577 contingat
606 507 661 554 eos
681 484 855 555 forefaoere
875 538 996 557 .....
1015 484 1074 556 Est
1091 486 1269 560 dicendum

206 609 394 704 temporatia
422 633 493 680 esse
520 609 756 706 imperatorum
774 620 929 706 quantum
958 612 996 682 ad
1026 636 1119 684 usum
1149 624 1182 684 et
1200 641 1272 687 exe·

206 736 388 826 ontionem,
422 761 486 808 nou
515 748 672 833 quantum
699 737 738 809 ad
767 738 981 809 universalem
1009 740 1270 814 dominationem

206 873 236 932 et
266 864 582 935 transmutationem.
637 863 694 934 Dei
723 866 811 936 enim
839 865 956 955 solim,
990 875 1022 935 et
1051 866 1165 938 Vinarii
1194 869 1271 942 Jesu

208 989 326 1063 Christi
345 1001 394 1061 est
410 991 473 1061 tate
489 990 682 1080 dominium,
700 992 772 1086 quia
791 991 830 1062 ad
844 1016 918 1063 enm
931 1004 1062 1089 spectat,
1080 997 1272 1091 temporatia

206 1129 308 1190 terrae
335 1128 551 1189 transmutare
580 1126 612 1187 et
637 1119 822 1189 ordinare.“

443 1313 530 1370 ΑΗΘ.
547 1315 605 1371 Tu.
623 1315 643 1368 1.
663 1322 685 1369 t.
704 1317 747 1380 (D.
765 1317 848 1372 MON.
865 1318 913 1371 111.
935 1322 983 1381 15.)

203 1439 372 1530 „Christus
406 1461 473 1509 nou
511 1439 605 1510 dixit:
639 1463 779 1533 regnum
810 1465 920 1511 meum
956 1465 1019 1511 non
1054 1450 1103 1511 est
1139 1442 1180 1512 in
1211 1444 1271 1515 hoc

205 1566 339 1656 mundo,
368 1566 439 1661 quia
468 1566 500 1636 iu
531 1566 592 1636 hoe
619 1567 743 1637 nrnndo
774 1577 807 1636 et
832 1569 864 1637 in
895 1567 1002 1639 iuturo
1030 1577 1144 1662 regnat
1170 1593 1272 1666 super

205 1693 316 1763 hdeles
344 1717 440 1781 suos;
467 1693 522 1764 sed
559 1693 653 1764 dixit:
681 1716 747 1763 non
783 1704 832 1764 est
859 1695 904 1765 de
934 1696 993 1765 hoc
1021 1695 1162 1786 munde,
1197 1699 1270 1793 quia

203 1820 242 1890 de
270 1820 332 1890 hoo
360 1821 486 1891 mundo
505 1831 554 1890 est
580 1819 733 1918 quidquid
757 1821 880 1892 homini
908 1833 957 1892 est
982 1822 1085 1893 aDeo
1114 1833 1272 1915 creatum,

204 1957 234 2017 et
256 1973 272 2018 a
300 1947 405 2017 vitiata
433 1947 532 2044 stirpe
551 1947 638 2017 Adae
665 1958 866 2041 generatum.
906 1948 971 2018 Sed
994 1947 1062 2043 jam
1082 1949 1271 2024 factumest

204 2064 345 2169 regnum
369 2098 449 2145 non
485 2075 525 2146 de
554 2074 616 2144 hoe
643 2075 766 2144 mundo
803 2075 956 2172 quidquid
985 2076 1023 2145 de
1061 2076 1139 2171 ipsis
1167 2078 1271 2150 homi·

203 2201 298 2272 nibus
336 2225 393 2296 per
430 2203 536 2297 ipsum
566 2200 730 2272 Christum
766 2213 992 2297 regeneratum
1035 2213 1099 2292 est,
1143 2204 1270 2276 dicente

203 2329 357 2423 hpostoio
401 2327 544 2423 ‘Eripuit
589 2351 647 2398 nos
691 2328 730 2398 de
774 2339 928 2423 potestate
974 2329 1199 2422 tenebrarum,
1241 2342 1271 2403 et

201 2455 366 2527 transtulit
399 2478 458 2525 nos
493 2455 525 2524 in
553 2478 690 2548 regnum
719 2455 774 2525 lilii
803 2455 941 2525 caritatis
975 2455 1073 2526 suae.⁷
1102 2511 1109 2525 .
1140 2513 1147 2526 .
1177 2514 1185 2529 .
1213 2458 1270 2531 Vei

203 2593 308 2679 potest
326 2582 400 2673 diei,
424 2580 509 2676 quod
529 2604 667 2674 regnum
683 2579 800 2653 Christi
819 2607 883 2653 non
912 2582 972 2653 fuit
990 2583 1029 2654 de
1057 2584 1117 2655 hoo
1136 2587 1271 2678 mundo,

202 2712 275 2807 quia
303 2734 368 2780 non
397 2709 458 2779 suit
476 2708 572 2778 modo
593 2710 767 2800 mundano,
792 2711 955 2805 quomodo
984 2718 1060 2781 sunt
1085 2710 1139 2781 ahi
1166 2736 1271 2807 reges,

202 2839 256 2932 qui
294 2861 332 2907 ex
375 2834 565 2907 tortitudine
609 2836 834 2907 ministrorum
880 2837 1041 2933 accipiunt
1077 2849 1269 2932 potestatem

202 2941 386 3057 regnandi}
410 2965 478 3059 ipse
511 2975 637 3053 autem,
672 2964 838 3056 regnando
875 2987 1093 3058 supersues,
1121 2965 1180 3036 sihi
1209 2967 1269 3061 ipsi

166 3138 169 3148 ·
202 3091 378 3179 sufficiens,
407 3089 495 3161 nullo
522 3089 583 3159 alio
611 3089 808 3161 adminiculo
835 3089 1016 3182 indigens.“

379 3285 466 3341 AUG.
484 3286 542 3341 Tu.
560 3286 687 3339 XXXVI.
706 3291 730 3340 4.
756 3286 798 3351 (D.
816 3286 903 3340 MON·
923 3286 971 3340 ΠΙ.
991 3291 1040 3352 16)

199 3409 390 3505 „Quidquid
430 3409 528 3480 fuerit
561 3374 599 3480 de
633 3409 884 3504 imperatoribus
918 3410 1108 3506 praeteritis,
1144 3411 1271 3481 moder-

202 3562 318 3609 norum
354 3548 460 3608 tamen
495 3535 731 3631 Imperatorum
767 3537 881 3607 eiectio
917 3538 1050 3632 planum
1085 3546 1149 3627 est,
1184 3539 1269 3633 qood

201 3666 340 3762 pertinet
365 3663 405 3734 ad
432 3686 599 3734 summurn
627 3662 828 3754 Pontificem,
855 3664 903 3735 vel
930 3689 987 3760 per
1015 3689 1048 3736 se
1077 3663 1195 3759 ipsum,
1222 3664 1270 3734 vei

202 3818 258 3888 per
276 3793 451 3882 Electores
478 3815 559 3887 quos
585 3791 654 3886 ipse
681 3814 831 3862 summus
857 3792 1005 3861 Pontifex
1031 3792 1221 3862 ordinavit.“

149 3918 301 3989 XXXVII.
330 3919 363 3990 4.
393 3920 443 4011 (ex
469 3917 627 3990 Decretah
653 3916 834 3988 innocentii
861 3917 911 3987 hl.
939 3917 1015 4013 Cap.
1045 3918 1102 3989 321.
1140 3917 1178 3987 X.
1223 3917 1271 3988 De

199 4045 366 4117 Electione
399 4046 424 4117 Ι.
461 4046 508 4140 6.)
560 4045 651 4139 „this
685 4044 889 4139 Principibus
926 4043 979 4139 jus
1013 4061 1044 4115 et
1078 4055 1270 4141 potestatem

200 4171 339 4266 eligendi
373 4170 514 4267 Regem,
548 4174 579 4243 in
615 4146 846 4268 imperatorem
890 4172 1099 4268 postmodum
1138 4197 1271 4266 promo-
