2940 4808
349 323 483 378 DANTIS
501 323 719 379 MONAROHIA
736 325 757 377 Ι.
776 323 805 378 Ο.
826 329 865 376 11.
883 326 945 390 (13).
1170 320 1207 380 17

75 495 185 579 Virgo
217 515 355 578 namque
388 482 570 563 vocabatur'
596 495 736 577 Iustitia,
778 514 876 576 quam
910 495 1006 560 ctiam
1039 496 1208 563 Astraeum

74 599 255 666 uocabant.
301 598 450 665 Saturnia
478 617 575 681 regna
605 597 752 663 dicebant
780 597 900 679 optima
932 603 1091 682 tempora,
1126 590 1208 679 quae

78 698 185 765 etiam
213 718 310 766 aurea
331 700 563 785 nuncupabant.
609 698 732 763 Iustitia
760 697 927 782 potissima
949 703 998 764 est
1022 699 1124 764 solum
1147 701 1206 765 sub

78 797 273 884 Monarcha3
301 819 376 882 ergo
398 802 440 867 ad
461 801 614 884 optimam
637 799 747 864 mundi
767 799 1007 883 dispositionem
1028 800 1206 885 requiritur,

82 919 158 966 esse
179 901 406 986 Monarchiam,
430 903 498 968 sive
519 902 699 985 Imperium.
1226 910 1257 960 10

171 1001 225 1067 Ad
248 1003 441 1070 evidentiam
457 1003 705 1088 subadsumptac
727 1002 898 1085 sciendum,
923 1001 1008 1084 quod
1023 1002 1144 1067 iustitia
1167 1003 1206 1069 de

83 1121 120 1169 se
149 1103 237 1168 etin
263 1105 393 1190 propria
420 1109 533 1170 natura
559 1104 773 1187 considerata,
799 1108 849 1170 est
871 1103 1028 1186 quaedam
1049 1103 1206 1170 rectitudo

86 1193 155 1271 sive
177 1207 302 1290 regula,
326 1206 490 1288 obliquum
512 1205 680 1272 hincinde
703 1205 872 1290 abiiciens3
897 1212 928 1272 et
950 1205 996 1273 sic
1017 1226 1080 1271 non
1094 1206 1206 1288 recipit

85 1306 189 1388 magis
218 1312 250 1374 11
283 1308 403 1392 minus,
440 1306 707 1390 quemadmodum
736 1306 852 1373 albedo
887 1307 921 1372 in
956 1326 1012 1373 suo
1045 1307 1205 1374 abstracto

86 1407 296 1476 considerata.
342 1409 422 1475 Sunt
444 1408 528 1475 enim
542 1407 724 1474 huiusmodi
739 1409 859 1475 formae
878 1408 1035 1491 quaedam
1051 1409 1204 1493 composi·
1227 1417 1255 1467 15

84 1509 164 1596 tioni
174 1511 401 1592 contingenter,
415 1514 447 1577 11
457 1509 663 1576 consistentes
674 1508 810 1593 simplici
822 1515 853 1574 et
863 1509 1045 1575 invariabili
1057 1510 1205 1592 essentia,

86 1618 120 1676 ut
140 1612 294 1693 Magister
317 1633 374 1679 sex
388 1611 615 1697 principiorum
629 1616 713 1677 recte
728 1610 788 1693 ait,
812 1611 968 1695 recipiunt
982 1616 1088 1677 tamen
1104 1612 1206 1695 magis

85 1718 117 1780 et
137 1714 243 1780 minus
263 1713 446 1781 huiusmodi
475 1712 645 1795 qualitates
668 1732 708 1777 ex
730 1715 820 1796 parte
842 1713 1064 1796 subiectorum,
1092 1714 1206 1795 quibus

85 1821 321 1898 concemuntur,
345 1814 518 1883 secundum
541 1813 627 1895 quod
648 1813 750 1894 magis
774 1818 805 1879 et
827 1814 930 1880 minus
945 1815 977 1878 in
1000 1815 1150 1882 subiectis
1166 1815 1206 1882 dc

85 1918 250 1984 contrariis
262 1916 460 1982 admiscetur.
494 1915 558 1981 Ubi
570 1935 645 1998 ergo
660 1915 824 1980 minimum
839 1916 879 1982 de
895 1917 1051 1983 contrario
1065 1916 1206 1983 iustitiae
1225 1924 1256 1974 20

84 2017 286 2102 admiscetur,
303 2024 334 2085 et
346 2025 499 2099 quantum
510 2016 552 2081 ad
563 2017 707 2082 habitum
720 2022 752 2082 et
763 2023 914 2098 quantum
925 2017 968 2082 ad
980 2018 1204 2102 operationem,

84 2120 130 2186 ibi
151 2121 273 2186 iustitia
301 2119 468 2203 potissima
496 2124 552 2185 est.
596 2119 636 2182 Et
665 2139 740 2185 vere
762 2124 836 2184 tunc
863 2123 968 2203 potest
991 2118 1054 2184 dici
1076 2119 1116 2186 dc
1138 2119 1205 2203 illa,

84 2226 120 2287 ut
140 2222 355 2305 Philosophus
383 2221 500 2304 inquit,
524 2240 646 2305 „neque
668 2220 845 2305 Hesperus,
875 2240 977 2302 neque
1006 2221 1131 2288 Lucifer
1160 2220 1206 2286 sic

17 2384 19 2393 ,
84 2321 284 2389 admirabilis
313 2322 389 2389 cst“.
433 2321 492 2388 Est
519 2322 603 2387 enim
634 2328 709 2388 tunc
736 2323 887 2389 Phoebae
918 2322 1046 2406 similis,
1075 2324 1205 2389 fratrem
1308 2370 1311 2375 ·

83 2425 314 2493 diametralitcr
335 2425 469 2491 intuenti
492 2423 532 2490 dc
554 2443 712 2508 purpureo
734 2424 908 2491 matutinae
931 2424 1118 2491 serenitatis.
1222 2435 1253 2486 25

118 2594 130 2626 ⁵
147 2595 180 2646 A.
199 2593 232 2646 F.
250 2592 282 2646 L.
301 2593 338 2646 M.
355 2591 474 2645 V.—H.
490 2590 520 2644 P.
536 2606 617 2659 qaum

152 2683 179 2732 11
195 2682 336 2732 Astraeum
356 2667 360 2672 ’

118 2761 215 2816 ¹Edd.
234 2778 321 2830 rauna
339 2761 498 2816 dicebantur
516 2761 618 2830 optima

118 2848 129 2881 ⁸
146 2848 180 2901 A.
198 2847 230 2900 F.
249 2847 283 2899 H.
302 2846 332 2898 L.
351 2845 389 2898 M.
405 2845 483 2898 V.-
500 2844 528 2897 P.
549 2860 619 2912 qaue

152 2938 178 2986 ut
196 2948 280 2985 uraca

168 3017 205 3070 M.
224 3015 453 3086 rraauapubuutar

168 3103 200 3154 A.
219 3102 251 3155 F.
269 3101 302 3154 L.
321 3100 358 3152 M.
367 3099 400 3152 V.
411 3129 439 3138 -
455 3099 489 3151 H.
507 3099 537 3152 P.
559 3114 624 3178 curn,

151 3186 275 3240 versione
293 3184 380 3239 Ficini
398 3183 508 3239 Iustitia
520 3189 619 3253 potua·

153 3271 314 3325 1111111111

118 3356 129 3389 ⁹
146 3355 182 3409 H.
199 3352 419 3410 sabMuaurcbr'u
436 3355 491 3408 stae
505 3354 618 3424 imperto

169 3441 202 3494 V.
221 3455 292 3510 erpo·
304 3438 341 3492 ud
358 3445 477 3508 optutum

109 3526 132 3557 ¹⁰
148 3525 181 3580 F.
199 3523 350 3594 raptaretur
367 3521 529 3576 Monarabz'a

109 3610 131 3643 ¹¹
149 3608 218 3662 Edd.
248 3611 311 3677 post
341 3604 549 3672 sabudraarptua
577 3606 618 3659 in·

152 3697 245 3747 serunt
256 3691 466 3779 propositionis

697 2592 717 2623 ¹³
735 2592 766 2644 F.
787 2591 923 2660 obliquam
934 2590 1059 2646 1111111
1077 2591 1205 2645 abiiciens

695 2677 715 2708 ¹¹
733 2675 802 2729 Edd.
819 2677 917 2746 recapit
934 2677 1022 2728 cnutus

753 2761 787 2814 H.
816 2760 847 2812 L.
880 2760 917 2812 M.
942 2761 975 2814 V.
1002 2760 1152 2830 quaraudm.
1177 2765 1203 2814 11

737 2844 1202 2914 albedo-Futprramudruutbado

695 2932 715 2963 ¹⁷
733 2930 765 2983 F.
783 2931 918 3001 recipiant
936 2937 1024 2983 uatem

695 3016 717 3048 ¹⁸
733 3014 1118 3084 Ε111111111111111111
1129 3015 1201 3086 quat.
1244 3081 1247 3085 ,

755 3100 792 3153 Μ.
811 3105 838 3153 11
855 3098 915 3153 edd.
934 3100 1074 3168 qualitatis

753 3185 792 3238 M.
811 3201 849 3239 aa
866 3185 964 3255 quibas
982 3187 1153 3240 cantarentur

693 3272 717 3304 ²¹
733 3271 764 3324 F.
778 3276 871 3342 potest
888 3270 944 3325 diat
959 3270 992 3324 du
1009 3287 1042 3324 aa

694 3357 717 3389 ²⁵
734 3355 766 3410 L.
785 3355 902 3408 turtauutr'
917 3354 951 3408 du
962 3355 1203 3426 purpureis-M.

737 3441 784 3494 iat.
804 3441 837 3492 da
849 3455 994 3510 purpurea

755 3525 787 3576 A.
807 3524 938 3577 matutino
956 3539 1042 3577 saraa.

82 3829 243 3884 Monarchie
261 3826 391 3896 Augusti,
409 3824 456 3879 sed
474 3823 507 3877 dc
521 3822 628 3879 Christo
646 3825 783 3880 nascituro
801 3827 829 3879 h.
847 3827 863 3879 l.
881 3825 1056 3880 vaticinatum
1073 3826 1203 3880 esseVir·

81 3898 189 3999 pilium,
213 3896 296 3950 tradit
320 3899 416 3950 auctor
438 3895 538 3946 noster.
611 3895 632 3926 ¹⁷
650 3892 818 3948 Grnnrnuun
835 3897 901 3964 puta
918 3894 1119 3948 Ponanrnnuu.

98 3967 318 4020 ³Aarsrounnas
336 3962 426 4016 Ethic.
450 3959 607 4015 Nicomach.
625 3960 659 4014 V.
679 3966 702 4016 3.
745 3963 823 4016 Vers.
842 3967 902 4016 ant:
928 3960 1038 4028 „Neque
1056 3962 1202 4031 Hesperus,

82 4048 170 4103 neque
187 4032 298 4088 Lucifer
314 4033 352 4086 ita
370 4029 562 4084 admirabilis.“
630 4029 671 4082 Of.
689 4031 813 4085 Auuoars
830 4029 952 4083 Paradia.
970 4028 1068 4083 XXIX.
1091 4036 1117 4085 l:

336 4114 449 4181 Quando
469 4115 546 4170 umbo
565 4131 579 4168 1
596 4113 649 4168 dae
666 4115 677 4168 r'
690 4114 755 4187 fiplr‘
766 4114 796 4168 u·
811 4114 927 4178 Latona,

374 4182 482 4253 Copartr'
498 4181 544 4236 del
559 4181 689 4237 Mantuae
706 4201 720 4238 1
738 4183 809 4237 detta
826 4181 919 4246 Libra,

371 4250 467 4304 Fauno
485 4249 546 4304 uult
563 4252 703 4306 uuizzunte
719 4252 828 4306 1111111
845 4266 923 4304 zoua.

1034 4341 1048 4390 2
