2940 4808
245 290 286 352 58
550 293 685 348 DANTIS
703 293 923 350 MONARCHIA
939 297 973 349 Π.
992 296 1021 352 0.
1039 302 1063 353 6.

212 486 226 535 5
245 469 431 550 Quicunque
453 467 547 535 finem
565 468 647 552 juris
669 467 820 551 intendit,
844 487 914 533 cum
933 469 1005 552 jure
1020 469 1177 553 graditur:
1200 473 1369 539 Romanus

244 571 380 657 populus
403 569 600 654 subjiciendo
616 570 678 635 sibi
693 571 811 654 orbem,
834 570 929 636 finem
947 571 1030 654 juris
1044 572 1190 656 intendit,
1213 579 1248 638 ut
1264 575 1367 640 mani-

243 675 325 741 feste
346 693 404 758 per
426 672 588 756 superiora
616 673 647 737 in
675 673 736 739 isto
759 673 899 757 capitulo
922 677 971 738 est
991 675 1177 759 probatum;
1202 694 1278 757 ergo
1303 679 1365 744 Ro·

243 796 355 841 manus
377 776 513 860 populus
536 773 735 860 subjiciendo
764 774 826 840 sibi
848 774 972 858 orbem,
1004 795 1086 867 cum
1093 776 1167 860 jure
1189 776 1251 843 hoo
1271 778 1363 864 fecit3

244 885 290 962 et,
313 900 371 964 per
393 897 603 961 consequens,
628 876 669 943 de
687 877 760 961 jure
782 876 844 941 sibi
859 875 996 941 adscivit
1016 879 1148 962 Imperii
1163 878 1362 961 dignitatem.

194 997 226 1047 10
327 980 417 1061 Quae
439 979 613 1063 conclusio,
637 983 671 1043 ut
693 999 734 1043 ex
750 978 894 1044 omnibus
909 980 1085 1047 manifestis
1106 981 1199 1046 illata
1221 982 1272 1065 sit,
1296 1002 1361 1047 ma

241 1081 454 1150 nifestandum
482 1086 531 1147 est
558 1081 633 1164 hoc,
665 1079 751 1162 quod
779 1079 906 1146 dicitur:
937 1081 1023 1163 quod
1051 1082 1240 1164 quicumque
1266 1082 1360 1149 finem

242 1187 319 1252 iuris
340 1183 492 1268 intendit,
523 1202 594 1249 oum
612 1183 684 1267 jure
706 1183 856 1263 graditur.
901 1182 954 1249 Ad
977 1185 1066 1268 cujus
1089 1184 1284 1251 evidentiam
1307 1184 1360 1250 ad·

241 1286 443 1370 vertendum,
473 1285 559 1368 quod
588 1285 749 1366 quaelibet
778 1282 841 1351 res'
858 1290 906 1352 est
935 1292 1065 1371 propter
1093 1286 1234 1368 aliquem
1255 1286 1359 1370 finem,

242 1390 335 1456 aliter
357 1393 442 1454 esset
464 1388 580 1471 otiosa,
612 1387 696 1467 quod
719 1407 790 1455 esse
817 1409 881 1454 non
902 1393 1023 1473 potest,
1052 1394 1087 1454 ut
1109 1389 1254 1471 superius
1276 1388 1359 1455 dice

194 1508 224 1558 15
241 1491 343 1556 batur.
386 1489 428 1553 Et
451 1487 717 1570 quemadmodum
740 1491 842 1556 omnis
864 1509 915 1558 res
937 1496 986 1556 est
1009 1490 1051 1556 ad
1072 1490 1234 1576 proprium
1255 1489 1360 1573 finem,

241 1593 288 1659 sic
310 1593 410 1658 omnis
437 1591 509 1656 finis
538 1591 699 1676 propriam
727 1590 826 1658 habet
851 1612 933 1676 rem,
961 1593 1050 1678 cujus
1073 1597 1122 1658 est
1142 1592 1222 1659 finis.
1266 1591 1360 1660 Unde

242 1694 439 1778 impossibile
469 1699 531 1776 est,
566 1693 675 1774 aliqua
705 1691 767 1757 duo
793 1714 851 1778 per
878 1713 912 1758 se
934 1692 1110 1777 loquendo,
1144 1694 1178 1758 in
1207 1700 1360 1775 quantum

242 1795 319 1879 duo,
342 1795 436 1862 finem
459 1793 595 1861 eundem
617 1792 797 1878 intendere,
831 1799 1017 1877 sequeretur
1038 1795 1123 1861 enim
1144 1794 1230 1860 idem
1253 1796 1359 1862 incon·

241 1899 387 1981 veniens,
422 1896 508 1980 quod
537 1897 671 1963 alterum
700 1895 822 1977 scilicet
856 1903 941 1964 esset
968 1897 1092 1962 frustra.
1150 1898 1254 1977 Quum
1283 1917 1359 1980 ergo

192 2019 224 2072 ao
240 2000 321 2085 juris
349 2000 420 2066 finis
449 1998 580 2082 quidam
602 1997 657 2080 sit,
688 2003 723 2062 ut
747 1999 817 2081 jam
840 1996 1036 2065 declaratum
1058 2004 1121 2082 est;
1145 2019 1278 2066 necesse
1301 2006 1359 2082 est,

240 2100 302 2168 fine
323 2102 379 2168 illo
401 2101 520 2186 posito,
546 2101 601 2185 jus
629 2100 719 2184 poni,
750 2118 820 2166 oum
849 2101 890 2165 sit
911 2101 1058 2186 proprius
1086 2107 1118 2167 et
1140 2122 1198 2187 per
1223 2122 1258 2169 se
1277 2102 1360 2187 juris

242 2203 381 2270 effectus.
420 2203 462 2267 Et
484 2222 580 2284 quum
601 2204 635 2268 in
657 2201 741 2269 omni
771 2204 996 2284 consequentia
1017 2203 1215 2286 impossibile
1238 2203 1280 2268 sit
1302 2204 1357 2269 ha-

240 2304 315 2371 bere
343 2303 533 2371 antecedens
561 2304 682 2386 absque
705 2309 931 2388 consequente,
961 2311 995 2370 ut
1018 2304 1178 2371 hominem
1200 2305 1269 2372 sine
1292 2307 1358 2371 ani-

240 2405 332 2490 mali,
356 2407 437 2472 siout
457 2411 545 2491 patet
568 2404 784 2472 construendo.
799 2410 831 2473 et
846 2405 1052 2491 destruendo,
1077 2407 1276 2492 impossibile
1299 2412 1356 2492 est,

189 2529 221 2581 25
236 2507 318 2592 juris
338 2507 433 2576 finem
456 2527 608 2590 quaerere
630 2508 699 2575 sine
716 2509 803 2593 jure,
834 2529 929 2592 quum
953 2509 1115 2591 quaelibet
1142 2529 1193 2576 res
1221 2509 1265 2574 ad
1286 2531 1357 2595 pro-

239 2610 342 2695 prium
369 2610 464 2676 finem
504 2630 539 2676 se
575 2609 694 2676 habeat
729 2612 817 2676 velut
849 2631 1044 2693 consequens
1076 2610 1119 2675 ad
1149 2610 1357 2678 antecedens:

237 2732 310 2778 nam
332 2713 529 2799 impossibile
552 2719 615 2797 est,
646 2714 761 2781 bonam
784 2714 999 2780 valetudinem
1027 2714 1239 2779 membrorum
1263 2713 1354 2778 attin-

282 2864 292 2895 ⁷
311 2862 346 2916 A.
365 2864 585 2933 manifestissime

282 2949 293 2981 ⁹
309 2950 343 3002 A.
361 2948 414 3002 sibi
429 2948 577 3019 adquisivit

267 3035 295 3100 ¹⁰,
307 3035 326 3066 ¹¹
345 3033 387 3086 Ita
406 3049 497 3088 omnes
510 3033 572 3099 (nisi
587 3033 659 3103 quod
670 3033 702 3086 L.
720 3049 769 3103 pro

307 3117 384 3171 iliata
405 3118 507 3172 habeat
528 3119 588 3185 iiia,
616 3122 643 3172 et
666 3118 771 3189 iraeque

304 3217 353 3270 pro
371 3200 441 3267 icoo).
452 3235 481 3242 —
492 3202 567 3256 Editi
585 3217 645 3256 cum
660 3202 770 3258 Ficino:

305 3285 382 3352 Quae
407 3287 543 3342 conclusio
578 3304 616 3342 esc
650 3290 773 3343 omnibns

306 3372 461 3441 manifestis
491 3372 568 3426 illata
593 3378 640 3426 est.
684 3374 772 3426 Mani·

304 3457 462 3528 festondnm
496 3462 536 3512 est
575 3462 664 3511 antem
699 3457 774 3528 qnod
829 3452 848 3497 Γ

306 3543 406 3598 dieitur

268 3631 297 3694 ¹¹,
310 3631 330 3663 ’²
346 3627 385 3681 M.
411 3627 526 3698 quisque
540 3625 624 3695 finem
636 3626 714 3700 juris
731 3627 771 3679 in-

305 3712 417 3768 tendens

267 3800 288 3832 ¹²
305 3799 337 3852 F.
356 3815 416 3854 anm
434 3802 507 3852 motn
525 3796 653 3869 proditur

267 3885 288 3916 ¹⁰
304 3883 336 3937 F.
372 3887 458 3937 omnis
490 3882 555 3952 finis
592 3881 671 3937 iradet
700 3899 770 3954 pro·

298 3969 393 4040 priam
412 3983 469 4022 esse

268 4052 289 4084 ¹⁷
307 4052 338 4104 F.
356 4052 387 4105 P.
412 4051 484 4106 Unde
502 4053 650 4123 impoiiiiae

851 2864 872 2898 ¹⁹
897 2863 928 2916 F.
957 2864 1060 2917 incana.
1079 2863 1183 2918 seilicet
1208 2863 1285 2933 quand
1308 2864 1356 2920 ai.

890 2964 947 3001 esse

849 3034 873 3067 ²⁰
890 3033 922 3086 H.
932 3033 964 3086 L.
973 3033 1010 3086 M.
1022 3033 1051 3086 P.
1065 3032 1249 3087 consentiente
1260 3032 1355 3088 FIcino

891 3117 1018 3189 („pereiii
1044 3118 1101 3190 apii
1126 3118 1139 3168 i
1169 3116 1269 3172 alcano
1301 3117 1358 3186 fine

891 3203 963 3257 delia
986 3204 1150 3273 rapinae,“);
1173 3216 1260 3269 neque
1279 3202 1358 3257 aliter

891 3288 1044 3357 conjecerat
1061 3287 1242 3342 Bonnmnnus.
1268 3320 1303 3330 -
1326 3289 1357 3342 F.

890 3373 1005 3442 quedam
1021 3372 1096 3426 —V.
1115 3378 1142 3427 et
1159 3372 1229 3428 Edd.
1248 3375 1356 3443 quidem

890 3489 923 3496 -
941 3457 972 3513 in
990 3459 1021 3510 A.
1041 3457 1116 3512 deest
1134 3458 1244 3527 qnidam

847 3543 871 3576 ²⁴
889 3548 915 3597 et
932 3542 1094 3597 destruendo
1113 3542 1187 3597 deest
1204 3543 1274 3596 inF.
1290 3543 1356 3598 etP.

907 3628 976 3682 Edd.
995 3630 1034 3682 sic
1051 3627 1215 3699 impossibiie

849 3713 872 3746 ²⁵
888 3712 926 3766 M.
948 3714 1030 3782 finem
1056 3715 1136 3782 queri
1162 3745 1196 3751 —
1221 3713 1251 3767 P.
1273 3713 1357 3782 finem

888 3814 968 3867 quem
998 3830 1010 3836 -
1037 3797 1071 3850 H.
1087 3797 1170 3866 finem
1187 3814 1245 3852 esse

848 3882 871 3915 ²⁰
887 3881 919 3935 F.
937 3881 1016 3936 sicud
1033 3899 1158 3952 coriseqn.
1172 3913 1200 3922 —
1218 3900 1274 3954 per
1291 3900 1355 3938 aon-

889 3983 963 4037 sequ.

848 4052 870 4084 ²⁷
889 4056 930 4106 est
946 4050 1073 4106 omittunt
1090 4052 1127 4105 M.
1147 4051 1178 4106 P.
1196 4053 1228 4107 V.

304 4201 377 4272 (inp.
395 4203 447 4260 Vl·
483 4206 493 4237 ⁷
512 4204 561 4270 „In
579 4205 660 4270 ist0,“
679 4211 745 4273 puta
763 4206 791 4260 in
809 4205 901 4273 quinto
921 4203 1047 4273 capitulo.
