2940 4808
255 312 296 373 20
517 313 651 369 DANTIS
668 312 888 368 MONARCHIA
904 314 926 366 Ι.
944 312 973 366 C.
995 318 1034 366 11.
1053 315 1115 378 (13).

145 534 148 539 -
255 506 312 554 seu
339 493 426 553 reeta
455 486 600 570 dilectio,
635 487 725 550 illam
752 486 839 551 acuit
867 491 962 567 atque
997 483 1160 550 dilucidat.
1212 481 1272 548 Oui
1301 501 1377 565 ergo

203 607 236 658 65
254 588 394 654 maxime
422 594 509 655 recta
538 588 666 656 dilectio
694 589 800 653 inesse
829 594 949 672 potest,
981 586 1183 671 potissimum
1211 586 1318 652 locum
1346 586 1379 649 in

254 691 311 757 illo
332 694 438 777 potest
465 690 584 757 habere
612 690 740 756 iustitia.
785 689 975 756 Huiusmodi
1003 694 1052 754 est
1079 688 1267 772 Monaroha3
1302 705 1378 768 ergo

255 812 292 859 eo
316 792 487 875 existente,
516 791 638 857 iustitia
665 789 833 877 potissima
855 796 918 873 est,
948 791 1095 857 velasse
1122 795 1237 875 potest.
1283 790 1380 869 Quod

256 899 362 960 autem
390 900 476 961 reeta
505 893 633 960 dileetio
662 892 759 957 faciat
789 892 877 973 quod
905 891 1023 957 dictum
1060 895 1123 976 est,
1157 892 1230 957 hino
1265 890 1379 956 haberi

255 999 375 1080 potest:
398 994 564 1078 Cupiditas
585 1014 732 1079 namque,
748 993 920 1079 perseitate
935 993 1098 1059 hominum
1113 999 1230 1077 spreta,
1255 993 1380 1075 quaerit

207 1115 240 1164 ro
258 1096 332 1179 alia,
362 1098 591 1181 cantassem,
629 1096 745 1180 spretis
773 1095 846 1160 aliis
877 1095 1037 1177 omnibus,
1068 1095 1192 1176 quaerit
1214 1096 1320 1160 Deum
1349 1102 1380 1160 et

232 1228 246 1255 x
258 1199 427 1282 hominem,
452 1204 483 1264 et
497 1217 554 1282 per
569 1216 765 1279 consequens
788 1197 905 1264 bonum
919 1196 1064 1262 hominis.
1109 1198 1277 1279 Quumque
1298 1197 1381 1263 inter

257 1301 323 1366 alia
350 1301 434 1367 bona
456 1300 593 1366 hominis
621 1299 822 1383 potissimum
844 1298 900 1381 sit,
924 1298 957 1362 in
978 1318 1059 1382 pace
1081 1299 1189 1365 vivere
1213 1296 1260 1383 (ut
1283 1318 1380 1383 supra

259 1401 447 1488 dicebatur),
471 1408 503 1467 et
524 1402 585 1467 hoc
607 1407 754 1486 operetur
775 1401 914 1466 maxime
936 1407 1033 1482 atque
1055 1402 1219 1484 potissime
1248 1400 1379 1484 iustitia,

259 1501 375 1567 caritas
397 1503 535 1570 maxime
557 1502 710 1568 iustitiam
733 1501 899 1584 vigoraoit,
924 1508 955 1569 et
976 1503 1081 1586 potior
1102 1503 1216 1586 potius.

208 1623 240 1673 75
344 1603 385 1668 Et
418 1604 503 1686 quod
534 1605 726 1670 Monarohae
760 1602 898 1667 ma'xime
934 1604 1096 1668 hominum
1127 1610 1215 1669 reeta
1250 1604 1380 1670 dilectio

258 1704 362 1770 inesse
379 1704 503 1789 debeat,
527 1713 616 1788 patet
638 1706 697 1770 sic:
720 1703 821 1771 Omne
835 1704 992 1785 diligibile
1007 1712 1095 1770 tanto
1110 1705 1212 1789 magis
1228 1705 1380 1789 diligitur,

260 1812 377 1887 quanto
409 1807 616 1892 propinquius
646 1812 695 1872 est
725 1806 884 1888 diligenti3
915 1805 973 1870 sed
1001 1807 1144 1872 homines
1172 1808 1381 1891 propinquius

259 1908 451 1973 Monarohae
474 1915 555 1992 sunt,
579 1928 676 1990 quam
698 1908 771 1972 aliis
792 1906 1002 1993 principibus:
1026 1925 1100 1989 ergo
1123 1909 1164 1973 ab
1187 1929 1225 1975 eo
1241 1910 1381 1975 manime

261 2008 442 2093 diligimur,
458 2011 512 2076 vel
528 2010 618 2092 diligi
634 2009 757 2076 debent.
802 2009 934 2074 Prima
963 2009 1131 2075 manifesta
1146 2014 1203 2092 est,
1227 2010 1254 2075 si
1268 2016 1382 2074 natura

210 2133 242 2184 so
260 2112 462 2195 passivorum
491 2117 522 2176 et
550 2112 726 2177 activorum
754 2111 982 2194 consideretur3
1020 2109 1195 2176 secunda
1227 2132 1286 2196 per
1320 2112 1381 2177 hoo

261 2219 409 2296 apparet,
441 2213 516 2294 quia
537 2213 733 2298 principibus
762 2215 835 2281 aliis
862 2214 1007 2280 homines
1036 2232 1099 2277 non
1126 2214 1382 2298 appropinquant

236 2313 323 2402 'nisi
345 2313 378 2378 in
399 2318 506 2399 parte,
529 2315 721 2382 Monarchae
750 2336 825 2382 vero
848 2313 1021 2382 secundum
1042 2321 1152 2381 totum.
1196 2315 1238 2378 Et
1256 2333 1381 2380 rursus:

261 2414 462 2500 Principibus
490 2415 564 2480 aliis
592 2418 847 2502 appropinquant
874 2439 932 2501 per
958 2417 1178 2499 Monaroham,
1212 2421 1243 2481 et
1271 2437 1335 2482 non
1364 2437 1382 2482 e

262 2535 429 2599 eonvers03
470 2523 502 2582 et
529 2518 576 2583 sic
602 2538 660 2601 per
687 2519 775 2602 prius
804 2526 835 2586 et
862 2517 1046 2585 immediate
1080 2517 1271 2584 Monarohae
1300 2518 1383 2585 inest

210 2631 243 2683 ss
263 2638 338 2684 eura
360 2618 400 2684 de
423 2618 577 2703 omnibus,
601 2620 674 2685 aliis
688 2627 795 2686 autem
817 2621 1012 2705 principibus
1034 2641 1091 2705 per
1105 2620 1320 2702 Monaroham,
1344 2639 1382 2685 eo

263 2718 350 2799 quod
372 2740 447 2785 cura
468 2721 609 2804 ipsorum
632 2743 652 2787 a
674 2742 748 2788 cura
762 2723 820 2787 illa
843 2742 991 2805 suprema
1014 2720 1186 2787 descendit.

286 2938 309 2971 θ’
327 2939 359 2991 Α.
379 2941 406 2991 et
422 2916 493 2992 dud.
513 2940 577 2992 Cum
594 2957 660 3010 erqo
679 2942 797 2995 maxime
873 2941 896 2972 ⁷³
912 2939 951 2992 M.
966 2939 1153 3010 potentissime
1170 2938 1273 2992 iustitia

278 3019 310 3056 '⁶⁸
326 3022 358 3076 F.
376 3022 448 3092 facit
467 3023 497 3077 iol
513 3024 587 3092 quod
603 3025 703 3079 dietum
874 3025 897 3056 Π
914 3025 948 3078 V.
961 3024 1177 3094 propinquiores
1193 3021 1362 3078 Morsarclrae

286 3107 310 3139 ⁶⁹
326 3108 359 3160 A.
370 3136 403 3145 -
413 3106 445 3160 F.
456 3123 521 3177 per-
533 3110 752 3180 (velpem-tritam
763 3141 797 3148 —
871 3109 895 3140 '⁸
911 3108 945 3161 A.
963 3107 1001 3160 M.
1021 3109 1109 3177 mapis
1126 3107 1278 3178 diliguntur

331 3191 361 3244 P.
371 3191 551 3261 parcitate-
563 3192 595 3245 V.
602 3200 755 3264 persectate
764 3225 797 3234 -
872 3194 894 3226 ⁸¹
912 3194 944 3246 A.
963 3191 1038 3262 quod
1050 3193 1224 3263 principibus
1234 3222 1264 3231 -
1274 3193 1306 3246 F.
1318 3194 1384 3262 quia

330 3274 364 3328 H.
369 3277 685 3345 persederitate-Edd.
695 3279 797 3346 antiqu.
915 3279 940 3330 si
951 3277 1042 3347 princ.

326 3363 479 3431 pmseitute
493 3391 517 3398 -
529 3360 567 3413 Μ,
575 3377 627 3430 per
643 3363 797 3416 societatem
873 3361 895 3394 ⁸²
912 3362 1025 3415 Turrius
1055 3365 1118 3431 post
1143 3378 1239 3416 rursm
1273 3361 1385 3430 propris

332 3443 444 3496 —L.et
456 3444 542 3500 versio
555 3446 651 3512 Ficini
670 3462 736 3515 quos
755 3461 797 3500 se·
916 3447 1078 3500 auctoritate
1096 3446 1192 3502 inserit
1209 3446 1341 3501 Homines

332 3533 451 3594 quuntur
467 3527 525 3581 edd.
539 3537 651 3584 recenti.
670 3532 797 3585 societate
872 3532 895 3564 ⁸⁴
910 3532 944 3585 H.
964 3538 990 3586 et
1006 3549 1061 3587 ooo
1079 3547 1094 3584 e
1111 3532 1249 3586 contrario

366 3611 396 3665 P.
415 3610 552 3666 lominum
570 3620 689 3684 spretam
712 3646 746 3653 -
763 3615 796 3670 F.
916 3616 947 3669 F.
961 3617 1112 3687 perprius
1128 3620 1154 3669 et
1171 3615 1386 3671 necimmediate

333 3694 488 3752 istiusmodi
503 3705 595 3768 spreta
874 3700 897 3733 ⁸⁵
914 3700 952 3753 M.
971 3717 1039 3756 cura
1056 3699 1090 3754 de
1106 3698 1258 3755 dommilus

289 3781 314 3814 ⁷⁰
330 3780 439 3850 qaaerit
448 3782 538 3836 alienu
548 3782 626 3851 Quod
636 3783 698 3837 olim
708 3783 797 3839 conie-
917 3785 949 3838 F.
967 3791 993 3839 et
1010 3784 1085 3854 quod
1100 3801 1168 3839 sura

334 3881 423 3920 seram
439 3866 468 3920 in
487 3872 590 3921 textum
604 3868 706 3936 recepit
722 3868 797 3923 Frat.

336 4035 359 4068 ⁶⁹
377 4036 547 4102 „Perseitas“
566 4039 608 4091 est
630 4037 758 4091 terminus
782 4037 914 4091 barbarus
934 4035 1107 4093 Scholasticis
1131 4039 1280 4094 familiaris.
1316 4039 1386 4094 Gon.

267 4117 304 4156 nn
322 4100 418 4157 Oeensi
436 4104 464 4157 in
482 4108 597 4171 quatuor
612 4105 697 4159 libros
715 4109 830 4159 sentent.
846 4105 867 4159 Ι.
880 4104 941 4159 dist.
951 4109 974 4158 2.
995 4122 1037 4174 qu.
1057 4113 1081 4159 4.
1100 4106 1158 4162 tSin
1175 4115 1264 4167 secus)
1284 4108 1387 4170 „omnis

267 4170 426 4239 propositio,
443 4172 472 4224 in
490 4188 544 4240 qua
561 4173 732 4240 praedicatur
749 4172 838 4240 passio
856 4171 889 4226 de
907 4189 956 4227 suo
974 4173 1095 4229 subiecto
1114 4189 1173 4229 cum
1183 4175 1290 4230 nomine
1308 4191 1386 4244 per·

267 4237 430 4302 seitatis,
448 4248 519 4294 esset
536 4240 615 4305 falsa,
634 4240 705 4309 quod
723 4246 763 4295 est
781 4239 954 4296 absurdum.“
