2940 4808
221 311 285 366 xlv
642 312 924 368 Psonneonunn.

381 617 521 681 nosrta,
539 617 631 673 POST
649 617 817 674 ALIORUM
835 618 983 685 STUDlA‚
1001 619 1180 675 CONATUS.

323 798 396 871 Duo
415 825 490 896 prae
517 781 651 872 caelenis
680 801 787 873 allicio
814 800 894 895 ejus,
912 802 965 896 qui
985 802 1098 873 Dentis
1117 803 1337 874 lllouarobianr

172 940 175 946 ’
222 925 317 997 edere
345 937 378 998 et
404 928 564 999 illustrare
592 930 715 1018 studet,
752 930 912 1000 contineri
946 940 1041 1024 puto:
1088 941 1122 1000 ut
1148 941 1268 1001 tentoni
1298 930 1340 1001 ab

221 1055 475 1126 amanuensibus
509 1066 698 1151 corruptum
734 1055 773 1126 ab
809 1056 973 1127 erroribus
1002 1080 1156 1152 purgans,
1190 1059 1227 1128 ad
1257 1058 1340 1128 inte-

221 1172 370 1274 gritatem
391 1206 467 1253 eum
486 1183 640 1273 restituat,
662 1195 694 1253 et
712 1194 747 1253 ut
766 1183 936 1255 obscurius
956 1184 1115 1254 ‹liotoruna
1137 1186 1336 1255 intellectum

222 1306 397 1380 lectoribus
435 1310 566 1404 operiat.
620 1309 745 1381 llorurn
789 1311 893 1382 illud
939 1311 1088 1382 nonnulli
1128 1335 1241 1382 eorum
1281 1313 1337 1406 qni

223 1436 283 1504 boe
312 1459 447 1507 annitere
476 1438 631 1508 haetenus
659 1438 761 1508 lnnoti
790 1449 882 1533 suut,
910 1449 1077 1511 tentarunt
1103 1438 1251 1534 quidem,
1279 1439 1336 1509 sed

223 1571 257 1632 ut
290 1565 456 1658 assequuti
490 1565 571 1655 sint,
604 1575 731 1635 tanturn
765 1565 870 1655 abest,
904 1576 938 1635 ut
971 1568 1096 1660 prirnos
1133 1566 1253 1660 guarlus
1280 1590 1339 1636 eos

220 1687 392 1784 superasse
420 1691 469 1760 vix
496 1691 558 1762 diei
586 1694 708 1787 possit3
736 1693 810 1762 boa
836 1717 909 1762 nero
929 1695 1064 1763 onrnino
1085 1694 1240 1764 intaotuna
1265 1692 1338 1763 reli·

220 1827 369 1911 querunt.

323 1945 550 2018 Subsidiorurn
594 1945 632 2015 ad
675 1946 936 2017 emendationem
981 1957 1084 2017 textus
1120 1945 1213 2016 nobis
1246 1970 1338 2041 para·

222 2086 328 2145 torurn
358 2073 534 2169 suppellex,
560 2072 634 2143 lieet
661 2097 727 2143 non
756 2098 852 2169 parua
870 2076 921 2163 ¹¹),
947 2071 1017 2167 ejus
1043 2084 1092 2143 est
1120 2083 1268 2162 naturae,
1302 2085 1337 2143 ut

221 2201 426 2296 [quantumvis
445 2200 634 2291 examinata,
663 2224 814 2295 rnagnarn
834 2200 1019 2289 dubiorum,
1045 2201 1176 2296 quaein
1198 2200 1336 2295 legendo

222 2353 281 2399 nos
308 2327 486 2416 offendunt,
516 2338 652 2422 partem,
678 2329 828 2423 expedire
858 2352 921 2398 non
950 2328 1059 2397 valeat,
1097 2327 1219 2397 Tantae
1246 2329 1334 2397 enirn

222 2458 354 2527 luerunt
386 2478 619 2544 amanuenseS,
661 2455 731 2549 qui,
765 2480 846 2551 quos
880 2455 942 2525 fata
977 2454 1071 2525 nobis
1107 2455 1338 2549 permiserunt,

220 2583 348 2655 codices
378 2591 566 2670 exararunt,
603 2581 820 2676 negligentiae
849 2593 880 2652 et
907 2581 1092 2671 socordiae,
1127 2593 1160 2652 ut
1188 2606 1262 2670 eos,
1295 2582 1334 2652 ad

191 2731 323 2780 ‘nrturn
353 2733 485 2799 ornnes,
512 2709 652 2780 auctoris
679 2710 856 2780 sententias
883 2709 962 2778 duna
991 2693 1187 2798 scriberem,
1224 2718 1336 2780 niente

219 2837 346 2932 assequi
367 2861 406 2905 ne
427 2837 558 2931 quiden]
579 2840 671 2907 nixos
689 2860 771 2926 esse,
798 2836 852 2916 sed
882 2835 920 2906 de
949 2836 1115 2931 quibusvis
1141 2836 1211 2907 aliis
1238 2836 1336 2907 rebus

219 2964 387 3059 vigilantes
411 2965 602 3053 somniasse,
621 2963 795 3034 dicendum
815 2965 866 3034 sit.
911 2963 945 3032 ln
966 2964 1075 3058 (quavis
1095 2962 1181 3033 eninr
1209 2962 1335 3058 pagina,

219 3092 266 3162 vel
286 3113 377 3186 quae,
404 3101 439 3160 nt
458 3092 551 3186 plena
570 3091 684 3161 existat
702 3091 813 3180 oratio,
838 3090 951 3161 abesse
971 3100 1146 3185 nequeunt,
1172 3090 1336 3179 omittunt,

220 3219 267 3288 vel
301 3227 446 3288 monstra
480 3217 663 3309 verborum,
697 3228 729 3288 et
761 3218 937 3288 sententias
965 3217 1078 3311 quovis
1113 3241 1212 3288 sensu
1239 3218 1336 3288 desti·

219 3354 302 3416 tutas
321 3343 483 3434 exhibent,
510 3344 595 3414 unde
623 3345 799 3416 lectionum
827 3343 912 3414 inter
939 3367 973 3413 se
1000 3343 1193 3414 variantium
1221 3368 1337 3415 nume·

219 3497 274 3543 rus
302 3471 368 3542 lere
396 3472 428 3541 in
458 3471 621 3542 infinitum
649 3473 757 3542 crevit.
794 3469 959 3543 Genuinas
987 3495 1025 3540 ex
1045 3481 1130 3540 lanta
1159 3471 1333 3543 lectionum

218 3599 310 3694 eopia
337 3598 491 3693 seligere,
518 3623 556 3668 eo
584 3598 749 3669 ‹tilfioilius
777 3609 825 3669 est
852 3623 944 3693 opus,
972 3622 1036 3694 qno
1065 3598 1174 3667 rninus
1203 3599 1258 3668 uni
1287 3600 1333 3669 vel

218 3821 419 3829 -.——-—-

303 3935 329 3997 ¹¹)
347 3933 504 3987 Basilius
514 3932 701 3998 Heroldue,
720 3933 822 3999 primus
835 3932 924 4000 operis
934 3931 1019 3984 nostri
1029 3930 1056 3983 in
1065 3930 1185 3998 linguam
1197 3931 1335 3997 germani-

218 4040 277 4078 cam
290 4025 445 4090 translator,
461 4032 540 4094 putat
557 4027 738 4081 Bertrandum
756 4025 791 4080 de
809 4025 946 4089 Castenet,
959 4023 1129 4078 Cardinalem
1147 4021 1335 4083 Portuensem‚

218 4118 314 4181 omnia,
333 4116 470 4186 quotquot
488 4119 690 4189 conquisiverat
700 4118 870 4172 Monarchiae
889 4117 1061 4185 exemplaria,
1080 4116 1158 4186 quasi
1169 4115 1254 4170 libros
1267 4114 1335 4169 hee-

217 4211 326 4277 retieos,
344 4212 508 4265 concremari
523 4212 649 4281 jussisse.
