2940 4808
219 325 238 387 6
477 323 612 380 DANTIS
629 323 849 381 MONAROHIA
865 325 887 379 I.
906 323 936 381 (l.
957 329 979 379 2.
996 330 1020 381 3.
1039 329 1084 392 (l).

167 512 200 563 30
218 516 319 581 quens
342 502 400 581 est,
422 502 458 562 ut
480 496 581 563 omnis
603 496 683 563 ratio
705 516 815 564 eorum
837 515 919 577 quae
941 501 1014 561 sunt
1028 495 1189 581 adfinem,
1213 497 1341 583 abipso

217 600 295 683 fine,
313 603 463 665 sumatur.
508 599 593 664 Nom
614 598 680 663 alia
701 597 761 664 erit
782 598 863 664 ratio
885 596 1048 664 incidendi
1069 597 1190 680 lignum
1211 606 1343 685 propter

218 701 346 769 domum
369 699 621 783 construendam,
645 705 677 766 et
698 700 765 765 alia
779 705 909 785 propter
930 698 1047 764 navim.
1084 699 1170 766 Illud
1184 699 1292 785 igitur,
1314 701 1342 767 si

220 801 298 883 quid
319 805 377 885 est,
401 800 487 882 quod
508 807 557 867 est
578 800 650 866 finis
672 801 863 868 universalis
882 799 1046 867 civilitatis
1062 801 1192 867 humani
1206 802 1341 887 generis,

219 902 279 971 erit
300 903 353 970 hio
372 903 572 989 principium,
601 923 659 987 per
682 901 768 985 quod
790 901 897 968 omnia
920 921 1002 983 quae
1022 901 1153 968 inferius
1174 903 1343 986 probanda

168 1014 201 1066 35
219 1009 306 1089 sunt,
329 1010 421 1073 erunt
442 1005 611 1072 manifesta
632 1003 831 1072 sufficienter.
875 1003 955 1071 Esse
977 1008 1084 1070 autom
1104 1003 1200 1071 finem
1225 1005 1342 1072 huius

219 1107 381 1173 civilitatis
404 1112 436 1174 et
456 1105 592 1190 illius,
619 1110 652 1172 et
669 1126 735 1173 non
757 1125 829 1173 csse
850 1124 948 1171 unum
970 1105 1109 1171 omnium
1131 1105 1235 1190 finem,
1258 1108 1341 1173 arbi-

219 1208 296 1274 trari
318 1209 450 1313 stultpm
471 1212 528 1273 est.
637 1263 641 1289 ,

633 1441 756 1532 [oman
777 1465 824 1511 111·
848 1442 934 1532 (nri

300 1597 394 1662 Nunc
415 1600 523 1662 autem
545 1596 718 1664 videndum
740 1603 797 1682 est,
820 1597 897 1680 quid
918 1597 961 1663 sit
987 1597 1059 1664 finis
1073 1598 1170 1665 totius
1184 1596 1343 1664 humanae

220 1696 399 1782 civilitatis,
422 1718 485 1781 quo
507 1698 593 1782 viso,
615 1700 688 1783 plus
710 1718 806 1780 quam
829 1699 994 1764 dimidium
1016 1699 1136 1766 laboris
1159 1698 1219 1765 erit
1240 1704 1341 1764 trans-

218 1804 334 1882 actum,
356 1798 447 1871 iuxta
461 1799 692 1886 Philosophum
706 1800 749 1867 ad
765 1801 1003 1869 Nicomachum.
1033 1802 1076 1866 Et
1089 1800 1133 1868 ad
1148 1799 1342 1868 evidentiam

218 1901 286 1970 eius
310 1899 397 1983 quod
419 1901 595 1986 quaeritur,
617 1901 861 1987 advertendum,
888 1902 975 1986 quod
997 1903 1266 1985 quemadmodum
1293 1906 1344 1968 est

187 2001 291 2069 sfinis
313 2001 430 2086 aliquis
457 2002 502 2068 ad
524 2024 619 2087 quem
638 2010 753 2070 natura
773 2005 921 2088 producit
941 2005 1106 2091 pollicem,
1137 2010 1169 2070 et
1194 2003 1277 2069 alius
1299 2002 1341 2069 ab

219 2105 280 2172 hoc
301 2103 345 2170 ad
367 2123 462 2188 quem
483 2125 611 2171 manum
633 2111 748 2190 totam,
777 2110 810 2172 et
837 2126 943 2172 rursus
972 2106 1055 2172 alius
1079 2107 1121 2174 ab
1143 2111 1277 2188 utroque
1298 2101 1343 2170 ad

219 2225 314 2289 quem
329 2206 502 2291 brachium,
518 2207 663 2291 aliusque
678 2210 720 2275 ab
736 2208 882 2276 omnibus
893 2207 937 2273 ad
948 2227 1042 2290 quem
1053 2212 1153 2274 totum
1165 2206 1340 2291 hominem;

218 2307 265 2375 sic
287 2306 370 2373 alius
393 2314 442 2374 ost
465 2308 537 2375 finis
566 2310 609 2375 ad
637 2329 732 2393 quem
759 2310 953 2393 singularem
982 2309 1158 2393 hominem,
1188 2308 1271 2375 alius
1299 2305 1343 2372 ad

220 2428 314 2492 quom
337 2409 462 2476 ordinat
485 2411 693 2478 domesticam
715 2411 981 2494 communitatem,
1009 2410 1092 2475 alius
1114 2408 1157 2474 ad
1179 2428 1274 2491 quem
1295 2408 1341 2474 vi-

170 2517 199 2568 10
218 2510 343 2596 ciniam,
366 2516 399 2578 et
420 2512 504 2578 alius
519 2511 563 2578 ad
583 2532 677 2596 quem
692 2513 862 2597 civitatem,
885 2518 918 2581 et
931 2512 1015 2578 alius
1029 2511 1073 2577 ad
1088 2531 1182 2595 quem
1199 2529 1340 2594 regnum,

218 2619 256 2680 et.
272 2613 410 2695 denique
438 2614 568 2680 ultimus
593 2614 638 2679 ad
667 2634 761 2699 quem
788 2614 1015 2697 universaliter,
1038 2632 1140 2696 genus
1170 2611 1342 2678 humanum

219 2715 309 2782 Deus
329 2721 478 2783 aeternus
498 2721 568 2820 arte
590 2735 663 2801 sua,
694 2736 776 2798 quae
802 2723 916 2784 natura
944 2721 1007 2800 est,
1036 2715 1070 2780 in
1092 2734 1163 2782 esse
1185 2713 1340 2798 producit.

242 2917 265 2950 ³¹
283 2915 315 2970 F.
334 2915 406 2971 Nam
424 2918 481 2973 otia
499 2921 539 2972 ast
556 2919 628 2973 ratio
890 2918 923 2971 H.
942 2917 1067 2974 civilitati
1082 2914 1154 2970 hom.
1171 2932 1232 2987 oea.

243 3000 267 3034 ³²
283 3000 315 3054 L.
332 3001 364 3054 P.
387 3001 602 3057 constituendam
833 3001 856 3035 ³⁴
873 3002 907 3054 A.
924 3001 959 3059 u
977 3002 1009 3056 L.
1027 3001 1066 3055 M.
1084 2999 1118 3055 V.
1140 3030 1171 3040 -
1190 3000 1221 3054 F.
1239 3000 1270 3053 P.
1290 3000 1342 3053 crit

302 3085 336 3141 F.
353 3085 429 3140 Illud
444 3102 509 3158 erqo
873 3083 924 3141 troc
935 3087 1105 3158 principium

244 3165 268 3203 ³²
284 3169 475 3226 Eddreccntt.
493 3175 542 3237 cst,
560 3168 635 3241 quod
642 3171 678 3225 sit
690 3169 756 3238 finis
830 3168 854 3203 ³⁵
870 3171 1018 3240 manifesto
1036 3170 1112 3226 deest
1128 3170 1158 3224 in
1175 3169 1207 3224 F.

302 3255 334 3309 A.
352 3254 384 3310 L.
401 3255 440 3310 Μ.
460 3285 491 3294 -
510 3254 542 3308 F.
563 3254 628 3321 fiais
644 3253 755 3310 altimus
831 3254 856 3288 ³⁶
871 3254 902 3307 P.
920 3256 1038 3310 omnium
1056 3271 1140 3309 anum
1155 3254 1238 3323 finem

285 3339 360 3394 atilio
377 3369 408 3378 -
426 3338 531 3405 Rfiois
547 3337 665 3393 otiiis-
675 3339 754 3394 Turn.
806 3336 872 3408 Gap.
890 3338 939 3393 III.
959 3340 970 3372 ²
987 3339 1019 3394 F.
1036 3344 1077 3394 aot
1095 3343 1262 3395 transactam

285 3421 579 3493 Fruticfioisaltimus
595 3420 753 3478 Nontamen
838 3425 848 3457 ⁷
867 3423 898 3477 F.
917 3423 989 3478 alius
1005 3423 1040 3480 at
1057 3423 1182 3479 omnious

274 3503 385 3563 'infitias
409 3508 453 3563 ibo
478 3507 559 3562 etiam
581 3505 656 3562 utilis
672 3523 753 3576 posse
831 3510 852 3542 ¹¹
870 3508 903 3562 A.
915 3539 949 3547 -
958 3508 990 3563 F.
1001 3509 1035 3562 Η.
1044 3507 1077 3562 L.
1088 3507 1126 3561 M.
1139 3507 1170 3561 P.
1181 3506 1215 3561 V.
1225 3506 1342 3576 denique

286 3591 400 3660 defendi,
430 3591 538 3647 utfinis
556 3591 629 3647 utilis
648 3591 754 3647 dicatur
873 3594 991 3664 optimus
1019 3624 1053 3634 -
1075 3590 1162 3646 Fiein.
1184 3590 1342 3660 steatomata

287 3676 333 3744 qui
349 3678 456 3746 assequi
473 3681 571 3745 potest,
590 3679 618 3730 et
636 3675 682 3744 qui
690 3693 753 3745 pro·
872 3693 927 3732 uno
944 3677 1041 3732 altimo

285 3758 344 3816 dest
369 3761 461 3830 generi
489 3761 616 3816 humano.
659 3761 754 3832 Neque
890 3764 923 3816 A.
941 3761 974 3816 F.
992 3761 1024 3815 L.
1042 3760 1171 3816 Μ.-Η.
1190 3759 1223 3816 Ρ.
1240 3759 1342 3815 utiliter

286 3836 426 3903 defuturos
451 3850 608 3914 computo,
631 3846 677 3915 qui
698 3846 753 3901 lec·
872 3863 933 3917 qen.
952 3845 1024 3900 tum.
1320 3880 1322 3885 ,

284 3929 385 3984 tionem
397 3929 455 3986 eod.
466 3928 523 3984 Fel.
543 3930 657 3985 caeteris
674 3945 753 4000 prae·

285 4011 424 4069 ferendam
441 4029 501 4070 esse
518 4013 617 4071 dicant.

286 4179 359 4251 cap.
377 4182 437 4239 111.
472 4183 694 4239 ³An1snonnnns
711 4183 775 4238 Fth.
799 4181 954 4238 Nicomsch.
972 4183 993 4237 1.
1017 4189 1041 4237 7.
1085 4184 1221 4240 Translat.
1250 4141 1340 4241 vetus:

219 4249 351 4318 „Videtur
367 4252 429 4322 plus
448 4266 528 4319 quam
545 4252 682 4307 dimidium
699 4251 783 4307 totius
801 4266 861 4308 esse
876 4250 1064 4321 principium.“
1382 4286 1386 4291 .
