2940 4808
256 309 296 370 74
548 309 684 366 DANTIS
702 309 922 367 MONAROHIA
937 310 972 364 H.
992 309 1021 366 0.
1041 315 1080 366 10.

253 505 329 553 vero
350 482 385 549 in
406 480 541 565 Officiis,
576 486 608 547 et
631 481 898 564 quemadmodum
926 482 960 548 in
989 503 1065 550 cura
1086 483 1270 551 medicinali
1300 490 1377 552 ante

253 587 370 654 ferrum
398 588 431 650 et
452 583 558 665 ignem
581 583 688 649 omnia
709 583 904 669 experienda
929 590 1016 669 sunt,
1046 591 1078 653 et
1106 584 1149 651 ad
1177 587 1239 653 hcc
1260 587 1375 656 ultimo

252 685 489 768 recurrendum3
524 684 570 749 sic
598 685 743 751 omnibus
773 686 835 752 viis
864 686 1064 770 investigatis
1092 709 1150 772 pro
1174 687 1299 772 judicio
1333 688 1373 756 de

253 789 310 857 lite
331 785 490 870 habendo,
513 784 631 852 adhoc
652 785 828 853 remedium
846 787 967 872 ultimo,
991 788 1131 870 quadam
1148 788 1297 873 justitiae
1319 811 1372 858 ne

204 909 237 960 uo
255 890 402 958 cessitate
425 887 527 955 coacti
548 907 753 954 recurramus.

336 994 409 1058 Duo
438 989 534 1073 igitur
561 989 708 1055 formalia
736 987 835 1057 duelli
857 996 1026 1074 apparent:
1062 1010 1159 1057 unum
1185 993 1261 1075 hcc,
1286 992 1373 1075 quod

252 1115 335 1159 nunc
356 1091 475 1158 dictum
498 1097 561 1176 est;
591 1089 695 1175 aliud,
725 1091 811 1174 quod
838 1090 984 1176 superius
1006 1093 1211 1174 tangebatur:
1239 1094 1371 1179 scilicet,

252 1201 287 1261 ut
308 1216 372 1262 non
393 1194 477 1279 odio,
499 1215 563 1261 non
580 1213 697 1276 amore,
720 1193 778 1261 sed
799 1193 868 1259 solo
883 1194 951 1260 zelo
969 1193 1124 1278 justitiae,
1148 1194 1189 1260 de
1212 1195 1373 1262 communi

253 1297 392 1364 adsensu
420 1297 585 1379 agonistae
615 1314 672 1361 seu
707 1293 886 1361 duelliones
919 1295 1114 1379 palaestram
1142 1295 1370 1378 ingrediantur.

89 1430 92 1434 ·
202 1419 234 1470 25
251 1398 294 1464 Et
314 1403 445 1483 propter
471 1397 532 1463 hoo
554 1396 636 1461 bene
658 1394 835 1478 Tullius,
865 1414 961 1476 quum
990 1396 1030 1462 de
1058 1397 1119 1462 hac
1144 1397 1279 1462 materia
1302 1403 1370 1462 tan-

252 1504 356 1583 geret,
384 1498 549 1581 inquiebat
577 1497 676 1564 enirn:
712 1494 801 1579 „Sed
830 1496 931 1581 bella,
963 1496 1077 1578 quibus
1097 1498 1229 1583 Imperii
1252 1519 1370 1566 corona

251 1600 416 1686 proposita
439 1604 502 1684 est,
524 1599 628 1664 minus
649 1598 764 1664 acerbe
785 1597 925 1680 gerenda
946 1597 1049 1665 sunt.“

336 1699 430 1781 Quod
451 1700 479 1766 si
500 1701 647 1767 formalia
669 1699 769 1765 duelli
791 1706 919 1766 servata
940 1689 1019 1766 sunt'
1043 1698 1152 1786 (aliter
1173 1701 1258 1767 enim
1281 1701 1371 1769 duel-

251 1803 318 1867 lum
344 1822 408 1868 non
435 1806 545 1886 esset),
573 1801 719 1886 justitiae
749 1802 939 1869 necessitate
972 1801 1012 1869 de
1045 1802 1203 1869 communi
1229 1803 1373 1870 adsensu

201 1929 233 1979 30
252 1902 434 1986 congregati
456 1908 586 1989 propter
599 1904 703 1969 zelum
720 1903 875 1988 justitiae,
897 1925 1001 1972 nonne
1022 1904 1056 1969 in
1069 1904 1196 1972 nomine
1218 1904 1281 1970 Dei
1296 1926 1369 1972 con-

250 2005 375 2088 gregati
396 2006 491 2070 sunt?
527 2005 569 2069 Et
592 2005 703 2089 sisic,
732 2025 835 2071 nonne
856 2006 944 2071 Deus
972 2005 1005 2071 in
1030 2006 1135 2073 medio
1158 2006 1287 2072 illorum
1311 2013 1368 2090 est,

252 2127 348 2190 quum
375 2108 445 2192 ipse
472 2107 506 2171 in
527 2106 704 2190 Evangelio
732 2106 907 2173 nobishoc
934 2108 1123 2192 promittat?
1160 2107 1201 2171 Et
1228 2108 1257 2173 si
1278 2108 1370 2175 Deus

250 2208 351 2293 adest,
373 2229 477 2276 norme
491 2208 581 2275 nefas
602 2214 659 2293 est,
682 2207 837 2291 arbitrari,
856 2207 1015 2292 justitiam
1030 2209 1234 2277 succumbere
1249 2209 1368 2294 posse?

251 2330 347 2393 quam
368 2310 438 2394 ipse
460 2311 492 2374 in
514 2316 636 2375 tantum
659 2309 779 2392 diligit,
810 2315 962 2391 quantum
984 2310 1128 2395 superius
1150 2315 1367 2395 praenotatur.

201 2437 233 2488 35
251 2414 293 2478 Et
320 2413 349 2479 si
372 2412 498 2496 justitia
526 2412 559 2476 in
582 2411 689 2478 duello
722 2411 925 2478 succumbere
953 2411 1078 2496 nequit,
1108 2432 1209 2478 nonne
1234 2411 1274 2478 de
1295 2413 1369 2497 jure

180 2606 184 2620 ἡ
250 2514 441 2599 adquiritur,
465 2511 551 2596 quod
571 2533 628 2598 per
650 2513 792 2579 duellum
813 2512 1012 2596 adquiritur?

279 2667 300 2700 ¹⁷
318 2665 348 2718 P.
367 2666 458 2721 omniu
476 2663 605 2718 teutuado
860 2664 884 2696 33
900 2665 934 2718 Α.
952 2663 984 2718 F.
1003 2663 1033 2716 L.
1049 2664 1079 2717 P.
1090 2662 1124 2716 V.
1142 2669 1170 2717 et
1187 2664 1246 2719 edd.
1265 2664 1369 2734 antiqu.

335 2751 368 2803 A.
386 2750 419 2803 L.
437 2749 467 2802 P.
478 2779 510 2787 —
520 2748 554 2801 H.
573 2748 611 2802 acl
627 2745 787 2818 hujusmodi
902 2748 1026 2803 —H.M.
1046 2752 1073 2801 et
1092 2747 1205 2802 Turrius
1224 2765 1284 2803 cum
1301 2751 1370 2805 Fra-

318 2867 351 2874 -
368 2833 475 2902 Reliqui
493 2836 521 2887 et
537 2832 597 2887 edd.
615 2831 653 2886 cul
669 2830 736 2886 baec
901 2830 947 2886 tic.
964 2832 1098 2886 seruanda

279 2920 300 2953 ¹³
317 2919 349 2972 A.
368 2918 399 2972 F.
417 2918 452 2972 Η.
469 2918 508 2972 Μ.
532 2918 563 2971 Ρ.
580 2917 614 2971 V.
644 2947 675 2956 -
703 2915 735 2969 L.
757 2920 784 2970 et
862 2916 885 2949 33
902 2916 933 2969 L.
952 2916 1069 2972 duellum
1088 2933 1143 2972 uou
1160 2918 1212 2971 crit

317 3002 376 3057 edd.
395 3018 465 3055 omo.
483 3003 533 3056 uiis
545 3003 628 3072 prius
645 3001 735 3054 incest.
860 3001 884 3034 ³⁰
900 3001 931 3054 F.
952 3001 981 3054 P.
1000 3017 1090 3055 nouae
1107 3010 1134 3054 et
1151 3003 1259 3055 nomiae

278 3088 300 3121 ¹³
316 3089 349 3140 A.
367 3086 401 3138 H.
420 3086 452 3138 L.
471 3085 509 3139 M.
527 3086 560 3140 V.
589 3117 621 3125 —
650 3085 681 3138 F.
698 3085 730 3142 P.
756 3091 783 3140 et
859 3085 882 3118 33
900 3085 931 3138 F.
951 3087 978 3138 iu
997 3085 1128 3157 Ecuuqcl.
1153 3085 1205 3141 boc
1228 3117 1260 3127 —
1284 3086 1316 3140 P.
1341 3089 1370 3142 iu

317 3169 377 3225 edd.
396 3170 541 3224 remedium
558 3171 681 3225 utilimum
902 3170 952 3224 Eu.
970 3170 1047 3224 uobis
1063 3170 1131 3224 lucc

334 3255 365 3308 F.
384 3254 491 3324 quidem
503 3255 631 3324 justitiae
815 3255 817 3260 ’
861 3256 884 3289 33
901 3255 931 3308 F.
950 3255 984 3308 H.
1006 3254 1038 3307 L.
1065 3254 1102 3308 M.
1132 3284 1166 3294 -
1194 3256 1223 3309 Ρ.
1249 3255 1372 3312 dubitari

277 3342 299 3374 ²¹
316 3340 347 3393 F.
367 3339 428 3394 Duo
446 3355 511 3410 erqo
895 3341 987 3411 justit.
1012 3370 1046 3377 —
1066 3339 1100 3396 A.
1118 3339 1150 3393 V.
1173 3343 1202 3393 et
1223 3339 1297 3395 editt.
1316 3340 1370 3395 lra-

276 3426 299 3459 33
315 3426 349 3479 A.
366 3424 400 3477 H.
418 3423 450 3477 L.
467 3422 504 3476 M.
523 3423 554 3476 P.
573 3453 606 3462 -
624 3423 686 3477 libri
702 3423 780 3492 impr.
902 3424 988 3480 baudo
1006 3425 1097 3495 justit.

316 3509 365 3564 seu
380 3507 439 3562 solo
452 3508 579 3579 justitiae
597 3508 665 3561 zet.
692 3539 724 3548 —
748 3509 780 3563 F.
860 3509 883 3543 33
900 3510 933 3563 A.
952 3525 1034 3579 quum
1052 3508 1086 3561 ill

316 3594 365 3649 scd
391 3593 449 3647 zclo
469 3592 541 3662 just.
572 3619 605 3629 -
633 3591 665 3645 In
683 3594 716 3648 V.
740 3599 782 3649 est
861 3594 884 3628 33
900 3593 970 3648 Edd.
990 3593 1091 3662 antiqu.
1108 3593 1136 3647 iu
1151 3592 1369 3650 bellosuccumb.

316 3679 415 3734 lacuna
918 3679 1011 3733 Indea
1028 3677 1115 3732 verbis
1132 3677 1307 3732 succumbere
1324 3693 1369 3732 uc·

276 3765 299 3798 33
316 3763 463 3828 Fraticell.‚
481 3762 544 3816 vitio
554 3761 718 3831 typothetae,
729 3761 782 3817 nisi
901 3764 961 3831 quit
978 3777 1062 3830 usque
1072 3761 1106 3816 ad
1117 3761 1200 3815 verba
1217 3762 1267 3817 sub
1279 3761 1368 3817 edicto

316 3847 404 3912 fallor,
423 3847 521 3902 omittit
538 3846 590 3902 bac
901 3846 1041 3901 Romanae
1081 3846 1253 3901 auctoritatis
1295 3848 1369 3902 circa

275 3933 299 3966 33
316 3933 346 3986 F.
365 3933 395 3986 P.
414 3932 483 3989 bellu
495 3949 552 4004 pro
570 3932 668 4002 quibus
900 3929 981 3984 finem
995 3931 1106 4000 capituli
1120 3930 1270 3985 duodecimi
1286 3935 1323 4000 (p.
1335 3936 1367 3986 80

335 4019 418 4086 Apud
429 4016 585 4072 Ciceronem
602 4015 672 4086 Imp.
689 4016 780 4087 qlorr‘u
899 4032 923 4068 v.
931 4016 1123 4079 29lestlacuna
1131 4014 1160 4069 in
1168 4015 1225 4070 cod.
1234 4015 1369 4071 Palatino.

320 4152 341 4184 ¹³
356 4151 456 4208 cronno
475 4152 516 4207 De
535 4151 631 4207 officiis
649 4152 670 4205 Ι.
691 4156 729 4205 12.
749 4154 810 4215 (38.)
889 4152 912 4184 ²⁵
929 4150 971 4203 De
989 4149 1059 4204 offic.
1078 4151 1095 4203 l.
1115 4165 1139 4204 e.
1218 4151 1241 4183 33
1258 4152 1369 4206 Eurus.

227 4218 404 4274 Murenam
424 4225 463 4274 18.
481 4237 505 4274 v.
525 4225 566 4274 20.
