2940 4808
203 304 244 367 32
400 308 534 363 DANTIS
553 307 772 362 MONAROHIA
788 307 809 361 1.
829 307 855 362 c.
878 312 916 362 15.
935 312 997 373 (rr),
1018 311 1056 362 ro.
1074 310 1135 373 (re).

286 480 345 545 His
368 481 560 566 praemissis,
587 484 717 566 propter
739 479 987 546 declarationem
1011 478 1228 547 adsumendae
1251 500 1321 563 pro·

200 581 367 667 positionis
407 582 450 648 ad
481 583 693 667 propositum,
734 581 779 646 sic
813 586 976 662 arguatur:
1010 580 1120 647 Omnis
1153 583 1322 649 concordia

201 682 362 766 dependet
376 685 416 749 ab
432 684 552 750 unitate
569 703 650 766 quae
666 687 715 749 cst
729 683 762 747 in
776 682 1009 766 voluntatibus,
1033 702 1133 766 genus
1149 684 1322 750 humanum

150 790 182 840 40
200 785 318 870 optime
341 805 374 851 se
396 786 518 853 habens
540 791 589 851 est
618 784 775 868 quaedam
799 783 975 852 concordia.
1019 786 1104 851 Nam
1133 784 1214 850 sicut
1242 805 1321 852 unus

199 888 293 954 homo
317 887 435 972 optime
456 907 491 954 so
506 888 638 970 habene,
662 891 693 953 ct
708 893 860 968 quantum
882 885 925 951 ad
946 886 1094 970 animam,
1118 892 1150 953 et
1169 893 1321 969 quantum

199 988 242 1054 ad
265 1008 387 1074 corpus,
411 994 460 1055 est
475 988 642 1055 concordia
657 987 823 1071 quaedam,
847 994 879 1054 et
894 987 1039 1053 similiter
1055 987 1177 1072 domus,
1195 983 1318 1074 civitas,

199 1095 231 1156 et
252 1111 396 1174 regnum,
422 1091 468 1156 sic
490 1094 590 1156 totum
605 1109 706 1171 genus
720 1090 900 1154 humanum.
931 1090 1131 1172 Ergogcnus
1146 1090 1320 1155 humanum

200 1191 318 1276 optime
351 1210 385 1257 se
417 1192 554 1275 habens,
589 1193 630 1257 ab
663 1191 797 1283 unitate,
833 1211 915 1273 quac
944 1197 993 1259 cst
1026 1192 1057 1256 in
1090 1193 1318 1277 voluntatibus,

149 1300 180 1350 45
200 1292 367 1379 dependet.
413 1291 478 1359 Sed
505 1294 566 1360 hoc
592 1313 663 1360 esse
685 1313 748 1359 non
768 1298 889 1377 potest,
919 1293 981 1358 nisi
1010 1293 1051 1358 sit
1073 1295 1222 1360 voluntas
1246 1314 1317 1378 una,

200 1393 328 1461 domina
340 1400 372 1460 et
383 1394 557 1475 regulatrix
569 1395 707 1461 omnium
718 1394 852 1459 aliarum
862 1395 895 1459 in
906 1414 1015 1479 unum;
1031 1415 1127 1477 quum
1138 1395 1320 1461 mortalium

199 1497 380 1562 voluntates
402 1501 531 1581 propter
556 1495 691 1562 blandas
721 1494 958 1563 adolescentiae
984 1497 1212 1564 delectationes
1238 1496 1318 1563 indi-

198 1602 295 1680 geant
306 1596 469 1682 directivo,
483 1604 517 1663 ut
527 1598 560 1662 in
570 1597 690 1663 ultimis
703 1597 745 1663 ad
751 1598 981 1664 Nicomachum
991 1597 1083 1665 dccet
1094 1598 1317 1683 Philosophus.

198 1699 267 1764 Nec
295 1699 358 1763 ista
385 1719 448 1763 una
475 1705 580 1784 potest
606 1719 691 1782 esse,
722 1699 783 1764 nisi
812 1698 854 1765 sit
881 1699 1034 1783 Princeps
1062 1720 1141 1765 unus
1170 1701 1318 1785 omnium,

149 1808 181 1857 50
200 1799 288 1864 cuius
322 1801 468 1866 voluntas
501 1801 628 1866 domina
657 1807 688 1869 et
716 1802 889 1882 regulatrix
918 1802 1052 1867 aliarum
1081 1801 1220 1868 omnium
1250 1823 1320 1870 esse

177 1901 308 1984 possit.
352 1901 446 1982 Quod
467 1903 496 1968 si
517 1923 625 1969 omnes
648 1903 892 1984 consequentiae
915 1903 1094 1989 superiores
1115 1924 1212 1970 verae
1236 1910 1317 1988 sunt,

201 2003 286 2084 quod
301 2010 387 2088 sunt,
411 2024 540 2071 neccsse
557 2011 613 2087 est,
636 2002 679 2068 ad
694 2003 813 2088 optime
828 2024 863 2070 se
878 2005 997 2071 lrabcre
1012 2006 1185 2071 humanum
1207 2025 1316 2089 genus,

200 2124 269 2170 csse
292 2105 325 2169 in
346 2093 463 2172 mundo
485 2108 705 2189 Monarcham,
729 2110 760 2173 et
781 2127 838 2190 per
861 2126 1071 2191 consequens,
1100 2108 1318 2173 Monarchiam

200 2205 243 2270 ad
265 2206 345 2273 bene
368 2227 438 2272 csse
461 2207 577 2272 mundi.

569 2382 690 2455 [carun
712 2396 783 2443 xvr.
809 2374 946 2462 (xviri.)]

283 2511 472 2577 Rationibus
488 2513 633 2578 omnibus
648 2531 742 2596 supra
753 2512 876 2596 positis,
893 2513 1089 2598 experientia
1100 2513 1317 2579 memorabilis

198 2615 379 2697 attestatum
404 2618 505 2679 status
527 2612 678 2681 videlicet
699 2615 784 2680 illius
806 2615 994 2697 mortalium,
1018 2633 1113 2697 quem
1128 2615 1191 2681 Dei
1205 2615 1316 2699 Filius,

197 2712 231 2776 in
258 2714 394 2781 salutem
422 2715 558 2782 hominis
586 2716 745 2784 lromincm
774 2715 1013 2800 adsumpturus,
1043 2717 1095 2782 vel
1125 2717 1316 2801 expectavit,

198 2816 251 2901 vel
275 2835 371 2898 quum
392 2818 494 2884 voluit
521 2818 590 2902 ipse
619 2817 784 2902 disposuit.
829 2818 913 2883 Nam
936 2817 962 2882 si
984 2837 1005 2881 a
1026 2818 1119 2903 lapsu
1144 2820 1317 2903 primorum

165 2923 381 3002 sparsurum,
413 2919 466 3001 qui
495 2918 716 2985 diverticulum
744 2920 802 2986 fuit
830 2919 928 2985 totius
955 2925 1083 2985 nostrae
1113 2920 1314 3005 deviationis,

198 3019 421 3104 dispositioncs
436 3021 599 3088 hominum
614 3026 646 3087 ct
661 3026 804 3106 tempora
818 3022 1010 3104 recolamus3
1032 3041 1096 3087 non
1110 3021 1316 3106 inveniemus,

196 3120 258 3185 nisi
272 3122 332 3187 sub
348 3121 422 3189 divo
438 3123 580 3205 Augusto
595 3122 777 3206 Monarcha,
794 3123 951 3189 existente
964 3123 1150 3188 Monarchia
1164 3124 1315 3208 perfecta,

223 3323 247 3355 ⁴²
263 3324 296 3376 A.
314 3323 393 3377 simil.
412 3323 508 3378 domus
525 3329 551 3376 et
568 3325 662 3378 civitas
782 3323 846 3392 (lap.
865 3323 937 3376 XVI.
976 3323 1030 3378 ¹1².
1048 3323 1079 3376 P.
1098 3327 1232 3397 appositis

223 3407 247 3440 ⁴¹⁸
264 3407 294 3461 F.
314 3408 448 3470 oliorum·
465 3423 547 3477 quum
565 3409 671 3464 mortal.
866 3406 896 3460 P.
916 3413 941 3461 et
954 3425 1008 3480 per
1019 3410 1189 3463 exactandum
1203 3410 1317 3480 spiritus

224 3492 248 3524 ⁴⁸
264 3491 298 3545 Η.
318 3493 346 3546 in
363 3491 464 3545 ultimis
482 3491 519 3545 ad
535 3491 596 3546 Nic.
615 3493 680 3549 dicit
849 3492 892 3546 vel
907 3494 1048 3547 essentiam
1058 3493 1217 3546 mem-F.
1229 3486 1317 3566 etper

281 3576 351 3630 Edd.
382 3577 488 3630 inverso
527 3576 619 3632 ordine
654 3578 732 3633 docet
849 3579 991 3632 essentiam
1008 3592 1085 3629 mem.

264 3661 335 3715 Phil.
354 3660 391 3715 od
408 3660 510 3716 Ilicem.
826 3665 836 3697 ²
853 3661 886 3715 V.
905 3667 992 3716 status
1010 3661 1072 3715 inde
1090 3661 1163 3715 illius

223 3746 244 3778 ⁴⁹
261 3745 329 3799 Edd.
348 3745 407 3801 Nee
423 3762 479 3801 urea
496 3747 549 3800 ista
824 3744 889 3799 3Μ.
902 3745 1018 3801 dominis
1030 3744 1162 3800 hominem
1176 3746 1316 3801 adsumtos

223 3830 246 3863 ⁵²
262 3831 295 3884 A.
314 3847 394 3885 cerae
410 3837 486 3895 sum,
506 3836 593 3903 prout
616 3836 680 3886 sunt
697 3863 730 3874 -
825 3831 836 3863 ⁶
853 3830 885 3882 A.
895 3829 925 3883 F.
933 3830 1043 3884 L.-V.
1051 3829 1119 3899 quid
1124 3831 1272 3887 diverticul.
1283 3862 1315 3872 -

264 3914 295 3967 F.
314 3931 369 3969 ver.
387 3930 418 3980 a,
437 3916 511 3986 quod
526 3915 628 3970 seilicet
645 3947 679 3956 -
696 3915 745 3969 Η.’
849 3913 886 3967 Μ.
905 3914 935 3968 Ρ.
955 3921 982 3968 ct
999 3914 1057 3968 edd.
1076 3915 1150 3984 quod
1166 3915 1316 3972 dicationi.

263 4013 343 4053 cerac
360 3999 467 4068 quidem
485 4005 549 4054 sunt
850 4030 884 4037 -
900 3999 935 4052 H.
954 3999 1088 4069 quoddam
1107 3999 1256 4055 diverticul.

223 4081 245 4114 ⁵³
261 4081 331 4136 Edd.
350 4082 424 4137 Mon.
443 4100 501 4139 esse
518 4087 545 4141 in
563 4085 662 4140 mundo
867 4083 904 4137 Μ.
924 4089 1033 4139 nostroe
1050 4083 1233 4138 damnationis

265 4235 607 4291 ⁴⁸An1snonnnnsEthic.
626 4237 729 4293 Nicom.
749 4235 782 4289 X.
801 4242 825 4292 5.
