2948 4806
465 307 599 363 DANTIS
617 307 836 363 MONARCHIA
852 307 887 361 11.
906 307 936 362 d.
954 313 978 362 6.
1241 258 1281 368 bh

160 498 235 562 gere
257 478 326 545 uine
347 479 493 547 sanitate.
538 481 672 565 Propter
693 479 779 563 quod
801 478 1040 546 evidentissime
1061 486 1167 566 patet,
1196 482 1282 564 quod

159 580 254 648 finem
277 580 360 666 jmis
388 581 620 665 intendentem,
656 587 782 667 oportet
811 603 882 648 cum
906 583 979 666 jure
1007 583 1187 666 intendere;
1222 604 1282 650 nec

159 685 249 750 valet
269 684 437 766 instantia,
460 702 543 766 quae
566 682 606 750 de
629 685 736 750 verbis
758 684 1004 768 Philosophi
1027 686 1188 751 eubuliam
1209 706 1279 769 per·
1299 691 1332 742 30

156 786 327 852 tractantis
350 785 424 852 elici
445 785 535 852 solet.
580 784 666 850 Dicit
688 784 772 851 enim
794 785 1023 871 Philosophus:
1051 773 1199 870 „Sedet
1220 787 1282 854 hoc

159 887 242 955 ialso
264 889 468 974 syllogismo,
491 887 613 969 sortiri,
636 885 741 967 quod
763 884 892 968 quidem
914 892 1039 972 oportet
1060 888 1181 973 sortiri,
1212 909 1281 973 per

160 990 267 1073 quod
298 994 420 1073 autem,
453 1009 532 1071 non,
571 986 630 1054 sed
661 987 777 1052 falsum
809 986 949 1053 medium
980 990 1148 1055 terminum
1180 988 1281 1058 esse.“

159 1091 244 1157 Nam
273 1091 301 1156 si
329 1112 370 1159 ex
391 1089 481 1156 falsis
510 1108 620 1154 rerum
652 1088 886 1172 quodammodo
910 1090 1121 1175 concluditur,
1148 1091 1209 1158 hoc
1230 1096 1281 1158 est

160 1213 218 1277 per
238 1191 402 1276 accidens,
432 1191 465 1256 in
488 1197 640 1273 quantum
661 1190 743 1257 illud
764 1211 874 1258 verum
895 1192 1085 1276 importatur
1105 1213 1162 1278 per
1184 1213 1279 1260 voces
1297 1199 1329 1251 ³5

161 1293 328 1379 illationis3
357 1315 414 1379 per
442 1314 478 1361 se
501 1294 585 1360 enim
613 1313 724 1360 rerum
751 1313 913 1375 nunquam
940 1295 1082 1376 sequitur
1110 1316 1150 1362 ex
1178 1294 1278 1380 falsis,

162 1395 252 1478 signa
273 1401 381 1461 tamen
402 1396 471 1462 veri
493 1396 576 1462 bene
597 1399 771 1476 sequuntm
793 1416 834 1461 ex
856 1395 965 1479 signis,
988 1415 1070 1477 quae
1093 1402 1167 1461 sunt
1188 1397 1280 1478 signa

162 1495 242 1563 falsi.
287 1496 340 1563 Sic
361 1504 392 1564 et
414 1497 448 1562 in
470 1497 695 1581 operabilibus.
739 1497 838 1580 Nam,
868 1497 943 1562 licet
963 1498 1013 1562 fur
1035 1497 1075 1563 de
1100 1498 1182 1564 furto
1206 1498 1277 1563 sub-

811 1647 978 1716 propositam
1019 1654 1165 1717 sequutus:
1213 1648 1280 1704 dicit

811 1734 897 1786 enim.-
916 1731 1000 1787 Falso
1012 1733 1170 1805 syllopismo
1186 1734 1282 1789 sortiri

186 1647 208 1680 ³⁰
224 1647 256 1702 F.
276 1664 325 1703 neo
342 1649 414 1704 volat
429 1651 562 1703 cernentia

187 1731 209 1764 ³¹
218 1741 259 1776 “tt-
268 1732 363 1788 Lectio
377 1749 456 1802 quam
465 1733 494 1787 iu
504 1737 607 1787 textum
616 1747 692 1787 rece-

225 1817 322 1884 pimus,
340 1818 404 1873 licet
419 1818 616 1885 obscuriorem,
634 1818 692 1872 sine
735 1817 737 1821 ’

225 1901 282 1956 ulla
298 1901 429 1958 varietate
446 1903 562 1958 habetur
578 1902 606 1955 in
617 1902 690 1957 F.L.

225 1985 256 2040 P.
272 1987 313 2052 V,
337 1991 365 2042 et
389 1987 424 2041 ad
441 1988 551 2042 verbum
568 1987 693 2041 convenit

226 2086 285 2125 cum
309 2071 363 2126 loci
380 2072 547 2127 Aristotelici
567 2072 691 2127 versione

226 2155 345 2224 antiqua.
359 2157 455 2212 —Pro
474 2159 617 2211 terminum
633 2173 691 2212 esso

225 2239 259 2294 H.
277 2240 386 2294 exhibet
404 2242 531 2296 tihiuuini
547 2247 594 2295 est.
610 2241 690 2295 —M.

225 2323 314 2378 omitit
337 2323 534 2397 Philosophus,
564 2331 592 2381 et
617 2325 692 2395 qaod

226 2407 333 2477 quidam
342 2416 450 2479 oportet
456 2412 552 2464 sortiri
562 2409 690 2464 —Paulo

224 2492 305 2547 latius
324 2493 408 2548 distat
415 2495 448 2547 A.
463 2495 530 2550 dicit
545 2495 615 2547 enim
625 2492 691 2548 Phi·

159 2610 165 2618 ·
224 2577 445 2650 Iosophossuper
459 2578 510 2634 hoc
525 2579 692 2650 sotsosytto·

224 2663 311 2734 pisino
334 2665 449 2719 sortitor
479 2663 554 2734 quod
583 2663 692 2734 quidem

225 2752 332 2818 oportet
348 2764 404 2819 per
427 2749 502 2818 quod
524 2754 613 2803 autom
632 2749 689 2803 rell.

224 2861 258 2871 —
280 2831 364 2886 Editt.
388 2832 553 2901 antiquiores
576 2832 690 2888 habent:

224 2914 298 2970 Dicit
321 2916 391 2969 onim
415 2917 464 2971 sed
491 2921 518 2970 et
541 2915 592 2972 hoc
614 2917 690 2986 salso

224 3000 395 3072 syliopismo:
412 2999 521 3066 Sortiri,
540 3002 615 3071 qaod
632 3003 692 3072 pai·

224 3084 283 3138 dem
319 3090 426 3156 oportet
459 3088 563 3151 sortiri,
598 3087 694 3141 sortiri

161 3189 164 3193 ·
186 3198 188 3202 Α
224 3174 339 3241 oportet,
355 3187 408 3240 per
425 3171 500 3240 qood
516 3176 605 3225 aotam
624 3171 690 3235 rell,

812 1816 888 1887 quod
912 1817 1021 1887 quidem
1047 1823 1155 1889 oportet
1176 1818 1279 1882 sortiri,

806 1918 903 1974 posse:
915 1919 970 1973 per
988 1903 1162 1972 quadratam
1173 1903 1230 1956 rell.
1245 1934 1280 1941 -

810 1987 983 2041 Bouuurnus
994 2002 1080 2056 nuper
1091 1986 1220 2056 conjecit:
1240 1987 1279 2041 di-

809 2073 847 2127 cit
872 2074 942 2126 enim
969 2074 998 2126 io
1020 2079 1101 2125 sexto
1132 2071 1170 2126 ad
1195 2070 1278 2126 Nico-

808 2156 940 2223 machum,
957 2157 1034 2227 falso
1052 2157 1151 2227 spitop.
1169 2157 1227 2211 rell.

771 2241 794 2273 ³⁴
811 2240 849 2294 A.
866 2241 899 2294 H.
920 2272 947 2280 -
964 2241 997 2294 F.
1013 2242 1052 2295 M.
1063 2243 1093 2296 P.
1107 2243 1139 2296 V.
1158 2244 1185 2295 et
1203 2240 1277 2297 editt.

811 2326 912 2394 antiqu.
939 2324 1011 2380 Nom
1037 2327 1063 2380 si
1091 2343 1129 2381 eor
1152 2326 1278 2397 spitopis-

811 2411 861 2464 mis
884 2439 916 2449 -
941 2410 974 2464 L.
992 2411 1064 2465 Nom
1087 2413 1113 2465 si
1133 2427 1171 2466 ox
1184 2409 1277 2482 philo·

810 2492 905 2564 sophis
930 2527 963 2534 —
989 2495 1060 2549 Nom
1085 2497 1112 2550 si
1135 2513 1173 2550 eoo
1194 2496 1279 2566 salsas

808 2579 982 2650 spitoptsmis,
1000 2579 1080 2648 quod,
1105 2596 1187 2648 quum
1203 2579 1278 2635 Fici·
1345 2637 1347 2643 ,

810 2679 874 2716 num
884 2664 924 2716 ita
934 2663 1060 2719 habuisse
1069 2664 1192 2732 viderem,
1205 2680 1277 2719 ccm-

809 2747 1004 2815 mendaveram,
1015 2749 1044 2803 in
1058 2754 1161 2803 textum
1175 2749 1279 2819 recepit

808 2831 946 2886 Fratieall.

759 2915 790 2981 ⁸⁶,
802 2916 826 2949 ³⁷
835 2916 867 2970 L.
880 2918 1002 2986 sequitur
1011 2934 1048 2973 ecc
1061 2917 1234 2990 pbilosophis
1242 2919 1278 2972 si·

809 3002 968 3070 parificatum
985 3004 1044 3056 veri
1060 3003 1125 3058 hono
1146 3020 1221 3074 sequ.
1240 3020 1277 3059 ox

809 3087 896 3157 siquis
914 3103 984 3156 quoe
1005 3093 1069 3141 saort
1090 3089 1172 3160 siquo
1183 3088 1277 3160 philo-

809 3169 891 3240 sophi

223 3269 309 3324 neque
327 3255 405 3309 aliter
423 3255 586 3310 Turnus-
600 3255 689 3310 Frati-
768 3254 791 3288 ³⁸
807 3255 838 3308 P.
857 3254 928 3309 Nom
945 3257 972 3310 si
985 3257 1124 3326 sor—M.
1140 3257 1277 3330 Uthujais·

223 3339 323 3405 cellius,
343 3339 528 3408 conjecturam
545 3340 635 3394 olima
648 3354 689 3393 me
808 3339 883 3394 modi
887 3361 896 3393 :
913 3341 965 3410 for

224 3475 532 3529 ³¹Aa1srornn1sEth.
550 3475 654 3529 Niccm.
673 3474 719 3526 VI.
739 3479 779 3528 10.
798 3479 843 3540 (ex
859 3491 928 3531 vers.
946 3479 1025 3535 veti:
1062 3477 1197 3542 „Eubulia
1216 3519 1222 3530 .
1243 3518 1248 3529 .
1270 3518 1276 3531 .

158 3541 297 3597 consilium
315 3542 450 3612 quoddam
470 3585 475 3596 .
496 3582 502 3596 .
523 3586 528 3596 .
549 3585 555 3596 .
573 3542 717 3597 Rectitudc
734 3543 864 3611 quaedam
882 3550 923 3599 est
943 3545 1053 3599 cubulia
1067 3545 1171 3598 consilii
1190 3586 1196 3596 .
1217 3586 1223 3598 .
1244 3586 1249 3598 .
1270 3586 1275 3598 .

159 3609 232 3665 Talis
253 3610 388 3666 rectitudo
412 3611 517 3666 consilii
542 3611 661 3676 eubuliu,
687 3626 756 3679 quae
779 3612 844 3666 boni
865 3612 996 3680 adoptiva.
1034 3612 1087 3666 Sed
1111 3618 1153 3666 est
1177 3618 1204 3665 θῖ
1222 3613 1276 3669 hoc

156 3677 225 3734 falso
243 3679 404 3748 syllogismo,
423 3686 451 3732 et
468 3679 539 3748 quod
557 3679 664 3747 quidem
682 3681 791 3747 oportet
807 3679 897 3733 facere
913 3680 1013 3745 sortiri,
1030 3696 1079 3750 per
1097 3680 1168 3749 quod
1186 3685 1277 3734 autem

156 3761 218 3809 non,
235 3746 284 3802 sed
300 3747 400 3802 falsum
417 3747 533 3801 medium
550 3747 692 3800 terminum
710 3752 796 3800 esse.“
838 3746 879 3800 ef.
898 3747 1024 3801 Turonum
1041 3749 1211 3810 normarum
1236 3748 1276 3803 ibi

156 3813 235 3870 lectio
261 3815 348 3870 vui:
386 3815 583 3881 „Manifestum
616 3819 671 3878 est,
705 3814 777 3883 quod
803 3831 858 3869 non
884 3816 983 3870 dicitur
1009 3819 1084 3870 recte
1110 3815 1275 3885 syllogizare,

157 3883 310 3950 quiveram
333 3883 533 3938 conclusionem
556 3898 606 3950 per
627 3881 727 3936 falsum
743 3882 859 3937 medium
878 3882 1066 3948 concluderem
1090 3884 1162 3938 unde
1180 3899 1275 3938 conse-

157 3965 239 4018 quens
258 3958 311 4018 est,
330 3951 401 4019 quod
418 3967 473 4006 non
491 3951 525 4005 sit
542 3966 604 4005 rere
622 3951 745 4016 eubulia,
769 3950 916 4005 secundum
934 3966 1014 4018 quam
1031 3952 1128 4021 aliquis
1147 3952 1191 4006 adi
1211 3951 1275 4006 isci-

155 4019 200 4072 tur
216 4019 297 4074 linem
315 4035 394 4089 quem
411 4024 527 4089 oportet,
544 4035 599 4073 non
612 4024 702 4073 autem
719 4032 768 4086 per
785 4019 854 4072 viam
863 4035 912 4087 per
929 4035 1009 4089 quam
1022 4025 1155 4088 oportet.“
1207 4035 1275 4089 onge

156 4086 255 4142 clarius
273 4087 331 4142 sine
349 4087 430 4142 dubio
449 4103 504 4141 rem
522 4086 632 4156 exponit
648 4086 735 4141 versic
746 4087 892 4140 Burnnaor
905 4087 1057 4142 Fruamur:
1076 4088 1168 4155 „Fieri
1185 4093 1276 4142 tamen

156 4158 260 4221 potest,
287 4164 318 4209 ut
338 4155 408 4209 falsa
437 4156 642 4210 ratiocinatione
671 4155 772 4209 bonum
798 4169 987 4223 assequamur;
1017 4171 1067 4224 per
1091 4157 1162 4225 quod
1184 4162 1275 4212 tamen

157 4229 273 4290 oportet,
292 4239 347 4278 non
364 4239 553 4292 assequamur,
572 4224 619 4278 sed
636 4223 739 4278 medius
757 4223 887 4278 terminus
904 4223 991 4279 falsus
1009 4226 1071 4278 sit.“
