2940 4808
248 299 288 361 72
548 305 682 360 DANTIS
700 304 920 361 MONARGHIA
936 305 971 359 11.
991 305 1020 360 C.
1038 309 1062 359 9.

331 475 379 560 „0
403 474 538 542 altitudo
555 474 737 542 divitiarum
758 475 935 562 sapientiae
956 480 988 541 et
1011 475 1163 544 scientiae
1177 474 1272 560 Dei,“
1296 479 1372 559 quis

197 599 228 650 55
247 578 300 645 hic
321 583 352 644 te
374 598 437 645 non
459 578 683 662 obstupescere
697 578 837 663 poterit?
859 579 944 643 Nam
965 582 1131 644 conantem
1146 577 1370 646 Alexandrum

246 680 434 765 praepedire
455 679 489 743 in
511 697 602 745 cursu
625 680 818 746 ccathletam
838 680 1030 762 Romanum,
1052 684 1103 763 tu,
1124 699 1164 745 nc
1187 699 1247 745 sua
1268 685 1367 748 terne-

247 780 324 845 1itas
345 779 487 865 prodiret
508 780 655 864 ulterius,
680 779 720 847 de
743 781 914 847 sartamine
936 780 1078 865 rapuisti.

334 879 399 947 Sed
421 879 507 964 quod
529 882 631 947 Roma
651 882 793 966 palmam
814 882 895 947 tanti
917 881 1020 947 bravii
1041 881 1083 946 sit
1106 881 1234 968 adepta,
1258 884 1369 951 multis

249 984 471 1068 comprobatur
492 983 696 1067 testimoniis;
726 982 771 1047 ait
799 983 884 1050 enim
905 984 1034 1049 Poeta
1062 989 1170 1050 noster
1194 983 1228 1050 in
1249 985 1369 1070 primo:

197 1140 229 1191 60
451 1117 529 1170 Certe
547 1116 611 1170 hinc
628 1117 765 1172 Romanos
783 1117 860 1184 clim,
878 1117 1044 1172 volventibus
1063 1116 1153 1182 annis,

449 1202 520 1256 Hinc
538 1200 596 1254 fore
614 1201 754 1264 ductores,
771 1206 897 1257 revocato
915 1217 931 1255 a
950 1201 1079 1269 sanguine
1097 1200 1210 1261 Teucri,

451 1285 503 1354 Qui
519 1299 608 1350 mare,
627 1285 674 1355 qui
690 1291 777 1340 terras
795 1287 868 1341 omni
885 1286 984 1341 ditione
1001 1290 1131 1340 tenerent.

246 1407 288 1473 llt
309 1408 496 1473 Lucanus
518 1407 552 1472 in
573 1408 690 1492 primo:

450 1539 586 1595 Dividitur
602 1541 674 1595 ferro
692 1555 816 1608 regnum,
833 1539 979 1607 populique
996 1540 1116 1607 potentis
1190 1615 1194 1626 .

451 1624 526 1692 Quae
543 1640 628 1691 mare,
647 1640 716 1693 quae
734 1631 835 1690 terras,
853 1639 922 1692 quae
939 1630 1026 1679 totum
1042 1624 1162 1693 possidet
1180 1625 1289 1691 orbem,

449 1707 512 1763 Non
530 1709 602 1779 cepit
617 1709 728 1765 fortuna
745 1708 822 1763 duos.

248 1826 290 1892 Et
317 1828 514 1896 Boethius
546 1830 580 1893 in
607 1829 762 1913 secundo,
793 1849 890 1911 quum
918 1827 958 1893 de
981 1830 1193 1895 Romanorum
1222 1831 1368 1915 principe

248 1929 447 2016 loqueretur,
472 1931 517 1996 sic
538 1930 656 2013 inquit:

450 2063 502 2118 Hic
520 2068 610 2117 tamen
628 2067 736 2130 sceptro
754 2063 870 2131 populos
887 2062 1012 2130 regebat,

198 2175 229 2224 70
449 2147 522 2215 Quos
540 2147 611 2202 videt
629 2148 745 2202 condens
763 2145 852 2200 radios
870 2146 922 2200 sub
939 2146 1026 2201 undas

449 2232 576 2286 Phoebus
594 2238 713 2286 extremo
730 2231 839 2285 veniens
856 2230 891 2284 ab
910 2235 984 2293 ortu,

449 2315 522 2383 Quos
538 2323 663 2385 premunt
681 2322 783 2385 septem
799 2313 879 2384 gelidi
896 2316 1009 2379 triones,

451 2399 524 2468 Quos
542 2407 623 2455 notus
640 2401 713 2454 sicco
730 2401 861 2454 violentus
882 2407 960 2454 aestu

451 2484 565 2551 Torret,
583 2485 709 2539 ardentes
727 2498 875 2551 recoquens
893 2499 999 2538 arenas.

197 2631 229 2684 75
247 2603 317 2671 Hoc
339 2602 436 2670 etlam
457 2603 672 2669 testimonium
693 2601 841 2685 perhibet
869 2604 974 2669 scriba
997 2602 1114 2670 Christi
1136 2603 1279 2688 Lucas,
1312 2605 1368 2686 qui

248 2705 354 2771 omnia
375 2726 453 2772 vera
481 2703 572 2789 dicit,
601 2705 634 2769 in
655 2705 713 2770 illa
733 2709 825 2788 parte
847 2705 896 2769 sui
918 2705 1050 2787 eloquii:
1073 2703 1203 2788 „Exivit
1225 2706 1366 2773 edictum

247 2826 268 2871 a
296 2807 432 2874 Caesare
459 2807 618 2891 Augusto,
647 2812 682 2871 ut
710 2805 940 2872 describeretur
968 2808 1134 2873 universus
1161 2806 1277 2873 crbis.“
1328 2809 1366 2873 ln

248 2906 363 2989 quibus
385 2907 494 2973 verbis
514 2908 727 2974 universalem
749 2905 859 2971 mundi
876 2907 1132 2990 jurisdictionem
1153 2912 1227 2974 tunc
1248 2909 1364 2975 Roma-

246 3028 358 3074 norum
379 3008 493 3092 tuisse,
515 3014 626 3095 aperte
648 3009 827 3090 intelligere
849 3028 1026 3092 possumus.

276 3258 298 3291 ⁵⁴
316 3257 779 3327 diuitiaram,quodhabentornnes,
899 3259 953 3326 Qui
968 3277 1051 3326 marc,
1075 3263 1124 3331 qui
1140 3267 1237 3326 terras,
1260 3263 1311 3330 qui
1327 3268 1366 3317 to·

315 3342 394 3398 abest
411 3357 428 3396 a
445 3343 540 3398 Ficino
558 3350 586 3398 et
602 3346 637 3399 ab
655 3345 715 3398 edd.
900 3350 955 3398 tam
972 3345 1030 3399 rell.
1048 3345 1201 3414 legentium,
1219 3361 1365 3416 unuspro-
1437 3366 1445 3384 r

331 3428 365 3481 A.
383 3425 414 3480 F.
432 3427 522 3482 M.'P.
541 3428 574 3482 V.
601 3430 729 3484 scientiae
755 3433 781 3483 ct
867 3415 868 3419 ἵ
898 3430 947 3483 bat
963 3429 994 3484 F.

314 3513 465 3584 sapientiae
858 3515 879 3547 ⁷⁰
896 3513 930 3567 H.
947 3516 996 3570 sub
1016 3513 1096 3568 ondit

276 3598 298 3631 66
314 3597 347 3651 F.
366 3597 396 3650 P.
416 3613 498 3653 cursa
516 3614 570 3666 qao
587 3595 713 3651 athletam
858 3599 881 3632 ⁷³
898 3599 931 3653 H.
950 3599 1024 3664 Quos
1040 3598 1138 3653 itatius

275 3683 298 3716 ⁵⁹
315 3683 349 3738 A.
359 3684 397 3738 M.
416 3683 573 3737 testimoniis
590 3682 781 3751 comprobatur
857 3686 881 3719 66
897 3686 930 3739 Α.
947 3685 979 3738 F.
997 3683 1027 3736 P.
1056 3713 1087 3723 -
1113 3682 1147 3736 H.
1164 3682 1204 3736 M.
1231 3685 1312 3738 ctiam
1337 3686 1366 3739 in

316 3798 347 3808 -
366 3767 433 3822 Edd.
451 3767 622 3838 approbatur
640 3768 733 3820 testim.
898 3769 946 3825 illu
972 3800 1006 3806 —
1031 3769 1063 3823 L.
1082 3772 1109 3822 et
1133 3767 1192 3824 edd.
1217 3769 1297 3823 etiam
1316 3769 1368 3824 illa

274 3852 298 3886 66
314 3852 463 3908 Pessimum
496 3850 629 3906 editorum
664 3866 781 3906 errorem
916 3853 948 3907 V.
966 3853 1046 3909 dicit:
1064 3851 1160 3906 Exibit

316 4072 338 4103 66
355 4071 445 4127 Pium
461 4071 546 4140 Epist·
566 4071 600 4125 ad
617 4070 730 4126 Roman.
750 4075 773 4124 2.
790 4087 814 4124 v.
833 4075 874 4125 33.
946 4072 968 4104 66
985 4072 1095 4126 Vmeru.
1112 4071 1211 4126 Aeneis
1228 4071 1249 4125 I.
1270 4077 1330 4126 234.

283 4138 305 4171 66
318 4138 422 4194 Lucas⁴
448 4139 570 4193 Pharsal.
594 4139 617 4192 1.
638 4143 694 4192 109.
781 4139 805 4172 ⁶⁷
822 4139 965 4194 Bourmus
988 4139 1030 4194 Dc
1054 4141 1184 4195 consolat.
1210 4140 1308 4208 philos.
1330 4140 1368 4194 ΙΙ.

246 4204 326 4259 Matr.
345 4211 368 4261 6.
438 4209 461 4240 66
474 4208 581 4262 Evina.
598 4207 694 4261 Lucus
712 4211 727 4260 2
745 4224 768 4260 v.
789 4212 811 4260 l.
