2940 4808
519 135 799 194 Pncnnoounue
1120 137 1224 194 XXXV

150 311 304 402 rendum,
330 284 597 404 recognoscimus
625 366 632 382 .
661 366 667 378 .
694 364 703 381 .
729 313 932 406 praesertim,
959 336 1060 407 quum
1096 311 1135 384 ad
1165 336 1222 384 eos

148 435 202 530 jus
247 448 279 507 et
319 447 460 532 potestas
501 435 687 530 hujusmodi
727 437 766 508 ab
809 436 995 531 Apostolica
1035 440 1111 512 sede
1151 465 1223 536 per·

149 559 363 662 venerit.“³⁰)

99 690 225 762 XXXV.
246 691 280 762 2.
306 689 506 784 „Gregorius
534 690 665 785 quintus
690 700 837 786 tempore
865 691 988 764 Ottonis
1005 674 1223 789 Imperatoris,

151 819 338 890 convocatis
370 828 403 888 et
434 817 598 913 requisitis
624 816 828 913 Principibus
862 819 1064 911 Mammiae,
1097 832 1222 914 septem

149 944 316 1016 Electores
343 945 492 1034 instituit,
510 943 673 1017 Officiales
699 946 801 1041 ipsius
824 947 932 1019 curiae
949 945 1135 1042 imperialis.
1156 1002 1164 1018 .
1186 999 1221 1017 ..

150 1070 254 1143 Causa
281 1083 401 1162 autem,
428 1095 526 1166 quare
555 1073 660 1144 sotum
689 1072 729 1143 de
754 1072 922 1145 Alamania
949 1074 1103 1169 praedicti
1129 1073 1221 1147 Elec·

150 1211 237 1269 tores
264 1208 340 1269 sunt
366 1199 513 1287 assumti,
540 1199 760 1270 communiter
791 1200 906 1297 triplex
938 1203 1131 1294 assignatur.

150 1324 259 1395 Tertia
301 1326 362 1396 suit
393 1325 541 1396 voluntas
574 1325 694 1421 Papae,
735 1338 811 1423 puta
846 1327 993 1424 Gregorii
1022 1328 1056 1400 V.
1091 1330 1146 1425 qui
1181 1329 1221 1400 de

149 1451 332 1523 Theutonia
357 1452 419 1523 tuit
444 1454 571 1523 natus.“

200 1772 347 1868 Longior
374 1772 420 1844 fui
448 1773 481 1842 in
509 1773 728 1845 exscribendis
754 1772 925 1870 Triumphi
952 1773 1041 1867 locis,
1069 1787 1104 1849 ut
1129 1803 1222 1872 argu·

102 1911 299 1992 mentorum,
326 1900 443 1996 quihus
468 1897 591 1993 jurium
619 1924 634 1971 a
662 1900 873 1972 Pontificibus
900 1899 1057 1975 Romanis
1084 1905 1221 1976 adsecta-

73 2041 207 2100 torum
237 2029 427 2099 defensores
446 2026 560 2099 Dantis
579 2052 655 2098 aevo
683 2028 867 2118 utebantur,
892 2040 923 2099 et
949 2054 1029 2124 quae
1058 2055 1098 2102 ne
1125 2032 1221 2104 hodic

101 2154 232 2250 quidem
268 2155 505 2250 deposuerunt,
539 2156 761 2226 concatenatio
796 2157 912 2227 clarius
948 2157 1091 2249 eluceat,
1123 2172 1154 2230 et
1187 2170 1222 2230 ut

102 2279 270 2375 dijudicari
299 2291 404 2377 queat,
419 2306 460 2352 an
487 2291 519 2351 et
545 2297 703 2379 quatenus
722 2283 896 2374 sufficiant,
924 2308 1014 2380 quae,
1041 2296 1076 2355 ut
1102 2310 1139 2356 ea
1166 2310 1222 2381 op-

98 2419 232 2505 pugnet,
259 2420 369 2480 noster
394 2409 537 2505 protulit.

99 2861 188 2943 QUO
226 2860 428 2928 TEMPORE
458 2864 576 2928 LIBRI
611 2864 669 2928 DE
703 2861 959 2929 MONARCHIA
993 2861 1220 2930 COMPOSITI

393 2981 601 3065 FUERINT,
634 2981 933 3049 EXAMINA'PUR.

200 3179 263 3263 Qui
290 3179 330 3249 de
349 3178 410 3249 vita
429 3177 542 3250 Daritis
561 3180 762 3275 scripserunt
779 3180 902 3275 antiqui
920 3191 1076 3271 auctores,
1094 3192 1220 3276 praeter

95 3330 201 3377 unum
222 3305 420 3397 Boccatium,
445 3307 676 3401 quaestionem,
702 3307 831 3402 qnando
859 3330 940 3403 opus
957 3316 1114 3377 'nostrum
1144 3331 1220 3377 con·

96 3434 229 3529 ceperit,
248 3433 449 3527 reliquerunt
475 3434 638 3504 intactam.
680 3433 743 3504 Sed
768 3432 834 3527 jam
853 3432 928 3505 Bas.
946 3433 1018 3505 Jon.
1036 3431 1219 3525 Hnnonnus,

96 3560 190 3655 cujus
217 3560 326 3630 versio
357 3559 452 3655 paulo
479 3569 553 3630 ante
581 3571 704 3631 textum
731 3561 867 3631 latinum
896 3563 927 3631 in
956 3561 1062 3631 iucem
1090 3559 1219 3654 prodiit,

96 3688 200 3759 libros
236 3686 275 3757 de
302 3685 488 3758 Monarchia
524 3687 608 3759 circa
643 3688 772 3758 initium
806 3687 1019 3784 expeditionis
1052 3684 1219 3759 Romanae

101 3855 305 3866 -..----

165 3937 197 3996 3οι
217 3935 257 3988 Cf.
276 3936 382 3990 Bultam
409 3902 588 4005 „Apostotiea
605 3936 711 4002 sedes“,
737 3952 753 3990 a
779 3936 920 4016 Bonifaeio
939 3936 1013 3990 VIII.
1036 3950 1129 3990 mense
1145 3935 1219 4004 Majo

96 4030 158 4083 anni
180 4035 251 4084 lton.
271 4030 402 4085 emissam.
462 4092 465 4096 ⁴

979 4100 1014 4152 θ*
