2940 4808
202 332 260 393 124
387 335 523 390 DANTIS
540 335 760 391 MONARCHIA
776 336 824 389 111.
844 336 872 390 Ο.
894 342 933 390 11.
956 341 994 390 12.
1013 341 1064 402 (to.
1086 342 1134 403 ll.)

198 508 381 589 Magnum
412 509 475 573 sibi
502 514 534 574 ct
555 508 720 575 Ecclesiae
749 509 936 592 advocavit,
960 511 1002 575 ob
1024 511 1171 594 injuriam
1195 513 1323 596 Longo-

198 609 370 675 bardorum
399 616 541 695 tempore
569 610 732 677 Desiderii
759 611 844 694 regis
867 631 990 695 eorum,
1020 619 1052 679 et
1078 614 1164 694 quod
1187 616 1324 683 Carolus

197 713 239 777 ab
263 733 301 778 eo
324 714 444 798 recepit
458 713 586 798 Imperii
603 712 804 796 dignitatem3
828 735 891 780 non
906 715 1063 798 obstante,
1081 717 1166 797 quod
1180 718 1323 788 Michael

165 813 375 899 iimperabat
413 814 500 899 apud
534 815 849 900 Constantinopolim.
906 817 1040 900 Propter
1078 819 1164 899 quod
1202 820 1322 906 dicunt,

197 916 283 996 quod
298 937 416 1000 omnes,
440 917 494 998 qui
514 917 639 983 iuemnt
653 918 866 983 Romanorum
880 919 1093 1002 Imperatores
1107 928 1183 1005 post
1204 923 1322 1007 ipsum,

196 1022 228 1083 et
256 1018 320 1102 ipsi
349 1019 499 1085 advocati
526 1019 690 1086 Ecclesiae
713 1023 800 1099 sunt,
830 1019 862 1081 ct
885 1017 1001 1085 debent
1029 1023 1070 1087 ab
1092 1023 1241 1090 Ecclesia
1263 1025 1320 1090 ad-

195 1121 312 1186 vocari.
363 1122 413 1186 Ex
444 1142 505 1203 quo
535 1121 632 1186 etiam
661 1123 844 1200 sequeretur
871 1120 929 1183 illa
957 1121 1187 1209 dependentia,
1222 1146 1320 1208 quam

197 1223 385 1290 concludere
407 1226 526 1289 volunt.

148 1332 177 1383 10
281 1326 322 1389 Et
344 1326 387 1390 ad
409 1325 469 1391 hoc
490 1325 723 1407 infiingendum
746 1324 833 1406 dico,
864 1324 950 1404 quod
971 1324 1050 1389 nihil
1074 1325 1199 1412 dicunt;
1229 1350 1319 1395 usur-

196 1428 284 1512 patio
308 1427 393 1494 enim
417 1428 499 1511 juris
528 1448 593 1493 non
613 1427 690 1491 facit
716 1427 779 1510 jus,
831 1427 915 1491 Nam
943 1426 971 1491 si
993 1427 1053 1511 sic,
1083 1427 1198 1494 eodem
1220 1431 1318 1498 modo

194 1529 540 1595 auctoritasEcolesiae
555 1529 741 1612 probaretur
754 1527 936 1613 dependere
951 1531 992 1595 ab
1005 1529 1218 1615 Imperatore;
1229 1537 1316 1616 post

194 1652 289 1714 quam
313 1630 407 1696 Otto
429 1631 606 1714 Imperator
627 1629 798 1695 Leonem
815 1631 938 1714 Papam
960 1631 1111 1715 restituit,
1135 1637 1168 1695 et
1189 1633 1316 1701 Bene-

194 1733 345 1798 dictum
368 1731 530 1816 deposuit,
554 1751 696 1796 necnon
718 1730 751 1794 in
773 1731 904 1796 exilium
926 1732 959 1795 in
983 1732 1156 1799 saxoniam
1180 1734 1282 1802 duxit.

592 1940 714 2013 [curun
735 1953 795 2000 xn.
821 1932 914 2019 (xr.)]

278 2074 451 2140 Ratione
473 2093 548 2139 vero
572 2073 618 2138 sic
640 2078 782 2153 arguunt.
829 2067 963 2134 Sumunt
992 2074 1108 2139 etenim
1137 2077 1198 2142 sibi
1228 2078 1312 2163 prin-

193 2176 309 2259 cipium
326 2176 365 2240 de
382 2174 505 2241 decimo
521 2174 643 2260 primae
657 2174 894 2257 Philosophiae,
911 2174 1066 2241 dicentes:
1090 2175 1214 2263 Omnia,
1231 2198 1313 2261 qnae

235 2359 355 2412 ²Verba
390 2359 423 2412 ob
459 2361 589 2429 injuriam
626 2359 727 2412 habent
846 2361 919 2430 quod
936 2359 1006 2414 nibil
1022 2360 1115 2415 dicunt
1132 2392 1166 2401 -
1190 2362 1225 2416 H.
1247 2365 1313 2434 infr.

260 2444 336 2499 codd.
357 2459 424 2512 quos
442 2443 605 2511 inspeximus
624 2459 724 2507 omnes
844 2445 906 2499 dico
925 2445 999 2514 quod
1016 2445 1086 2500 nibil
1101 2446 1198 2502 debeat

260 2529 357 2597 quibus
376 2529 481 2583 accedit
499 2529 586 2582 Ficini
606 2528 725 2582 auctori·
805 2531 827 2563 ¹³
842 2530 876 2583 H.
892 2537 956 2601 post
973 2546 1035 2584 vero
1057 2529 1170 2586 Otto-
1191 2531 1222 2585 P.
1236 2537 1313 2604 post-

259 2620 309 2668 tas.
328 2613 725 2668 Desideranturinedittantt.
844 2631 925 2684 quam
947 2615 1007 2669 Tito

235 2702 245 2733 ⁵
262 2699 293 2751 F.
319 2698 439 2754 Micboel
459 2697 615 2769 [superator
642 2699 724 2769 impe·
806 2698 825 2730 ¹⁴
843 2698 881 2751 Μ.
901 2699 1079 2755 Benedictum
1097 2700 1235 2774 disposuit

258 2784 338 2839 robor
776 2782 841 2851 Cap.
859 2784 920 2837 XII.
969 2787 976 2816 ¹
999 2785 1031 2837 A.
1050 2787 1079 2838 L.
1101 2783 1220 2841 Sumunt
1243 2790 1313 2843 enim

234 2869 293 2922 ⁷F.
320 2869 352 2921 L.
379 2868 418 2921 M.
448 2869 477 2921 P.
504 2899 537 2906 -
566 2866 672 2935 Reliqui
698 2873 725 2921 et
843 2869 896 2922 sibi
912 2871 1083 2941 principium
1116 2875 1158 2934 (A.
1180 2874 1313 2943 primum)

256 2953 330 3008 editt.
344 2960 411 3024 post
428 2956 525 3025 ipsum,
544 2960 570 3007 et
588 2951 723 3023 ipssaada
845 2984 875 2994 —
886 2954 924 3006 M.
935 2952 1209 3011 Suiuunteteraisibi
1219 2959 1312 3028 princ.

256 3038 404 3093 Nobiscum
420 3038 487 3092 iacit
505 3038 615 3092 Ficinus
843 3068 878 3078 —
895 3038 928 3090 V.
947 3044 1058 3092 sumunt
1074 3041 1173 3094 etenim
1184 3043 1278 3112 princ.

275 3124 305 3176 A.
325 3131 351 3177 ei
368 3123 462 3176 dicunt
479 3124 513 3178 ab
532 3122 657 3176 Ecclesia
821 3124 831 3155 ²
848 3125 880 3176 A.
899 3123 1053 3178 dedecima
1076 3126 1185 3194 primae
1206 3124 1312 3181 Psilos.

232 3209 250 3259 ¹.
273 3211 282 3241 ⁸
304 3208 337 3260 H.
365 3209 399 3263 ab
426 3207 499 3263 Ecci.
526 3209 657 3261 scriniari
691 3237 723 3245 —
844 3207 1009 3263 dicentis-
1032 3209 1066 3263 H.
1085 3208 1188 3264 decimo
1201 3211 1313 3281 primae

255 3292 346 3345 Verba
364 3298 389 3345 et
407 3292 504 3346 deberit
524 3293 558 3346 ab
577 3291 651 3349 Ecci.
677 3292 724 3347 ad·
844 3292 961 3347 dicentes
978 3293 1058 3347 —M.
1078 3295 1111 3349 de
1128 3294 1233 3350 decimo
1243 3313 1312 3368 pro-

255 3377 350 3431 vocari
367 3392 421 3430 non
439 3377 565 3444 leguntur
582 3379 611 3430 in
629 3377 659 3430 F.
837 3379 921 3448 prior
937 3377 1008 3432 Phil.
1027 3354 1146 3434 diriores
1170 3411 1201 3422 -
1225 3381 1256 3436 F.
1279 3381 1313 3436 de

217 3464 238 3495 ¹⁰
256 3461 292 3515 M.
319 3461 525 3532 iufrinpcadum
554 3461 629 3532 quod
654 3462 724 3528 dico,
844 3461 946 3518 decimo
964 3462 1037 3518 Pbil.
1055 3464 1174 3519 dicentes

162 3620 166 3632 ⁸
207 3633 343 3688 etiticnem
365 3633 457 3701 Papae
479 3631 653 3685 Hadriani
676 3632 697 3685 1.
723 3636 817 3686 contra
842 3631 1063 3686 Desiderium
1087 3648 1176 3701 regem
1199 3634 1309 3704 Longo-

187 3649 333 3756 lariorum
350 3707 485 3769 suscepta.
522 3699 561 3752 Cf.
577 3700 703 3754 Turonum
720 3701 891 3763 Asmurnam
904 3699 945 3754 De
962 3699 1089 3768 regimine
1107 3701 1192 3770 princ.
1205 3702 1253 3756 ΠΙ.
1270 3708 1310 3758 10.

188 3772 215 3823 et
237 3774 275 3823 ts.
311 3769 362 3837 Qui
379 3774 469 3823 tamen
489 3783 520 3822 eo
538 3775 658 3836 tempore
675 3769 704 3823 in
722 3768 832 3823 Oriente
849 3768 1012 3836 imperabat,
1037 3785 1091 3823 non
1114 3775 1171 3823 erat
1188 3770 1309 3826 Michael

187 3836 357 3905 Rhaugabes,
377 3838 424 3890 sed
442 3836 696 3891 Constantinus
715 3837 958 3905 copronymus.
1031 3826 1133 3890 ¹³Puta
1152 3837 1309 3894 Ottcnenr

186 3905 315 3974 primum.
344 3905 389 3972 qui
407 3921 478 3959 anno
496 3909 554 3957 964.
572 3903 801 3958 Benedictum
819 3903 850 3956 V.
870 3903 1008 3972 deposuit,
1032 3909 1059 3959 et
1075 3905 1263 3974 Hamburgum
1280 3908 1309 3962 in

187 3973 294 4027 exilium
311 3972 395 4033 misit,
413 3972 564 4027 Leonem
582 3987 644 4026 vero
661 3971 735 4028 VlII.
754 3971 880 4026 restituit.

256 4041 328 4109 Gap.
346 4040 420 4095 xll.
456 4041 677 4093 ²An1srornnrs
695 4041 846 4110 Metaphys.
865 4039 897 4092 X.
923 4044 943 4090 l.
957 4037 1042 4095 tLect.
1055 4043 1088 4095 at
1107 4041 1231 4095 translat.
1250 4048 1306 4096 ant.

186 4109 249 4174 „Sic
267 4109 358 4176 itaque
382 4113 496 4162 metrum
521 4109 638 4162 omnium
661 4108 733 4176 quod
750 4125 848 4168 unum,
873 4107 936 4176 quia
954 4107 1139 4174 cognoscimus
1158 4111 1308 4179 exquibus

186 4181 229 4232 est
249 4177 415 4259 substantia,
447 4175 592 4230 dividentes
621 4185 669 4229 aut
690 4177 836 4231 secundum
868 4175 1058 4243 quantitatem,
1086 4182 1134 4230 ant
1159 4178 1308 4235 secundum

186 4251 329 4314 speciem.“
