2940 4808
207 433 265 494 120
492 434 627 489 DANTIS
645 434 864 490 MONARCHIA
881 434 928 488 111.
948 433 976 488 C.
998 439 1037 488 lt.

288 607 379 673 Hanc
407 627 482 691 ergo
511 607 664 672 minorem
691 607 852 689 interimo;
883 613 914 673 et
943 626 1039 688 quum
1067 607 1219 691 probant,
1253 604 1328 673 dico

204 709 290 791 quod
312 729 369 774 sua
390 709 536 794 probatio
559 709 648 773 nulla
671 715 727 791 est,
752 708 827 790 quia
844 707 1068 774 Constantinus
1095 708 1238 773 alienare
1261 727 1328 773 non

202 816 329 894 poterat
349 811 479 894 Imperii
502 810 703 893 dignitatem,
726 831 785 876 nec
806 810 951 876 Ecclesia
972 809 1122 894 recipere.
1160 809 1202 874 Et
1226 829 1327 890 quum

151 922 185 974 20
203 911 408 996 pertinaciter
435 912 568 996 instant,
599 911 685 993 quod
713 911 799 995 dico,
829 911 875 977 sio
897 911 1021 978 ostendi
1038 917 1159 996 potest:
1192 912 1326 998 Nemini

203 1012 279 1078 licet
301 1034 339 1079 ea
361 1014 466 1080 iacere
487 1036 544 1099 per
565 1013 703 1081 officium
725 1014 786 1078 sibi
809 1013 1010 1096 deputatum,
1041 1034 1123 1095 quae
1151 1020 1223 1079 sunt
1251 1034 1325 1079 con·

202 1119 252 1178 tra
279 1115 359 1181 illud
388 1114 539 1199 officium;
571 1117 645 1197 quia
673 1116 719 1182 sic
746 1116 846 1198 idem,
875 1115 908 1179 in
931 1120 1082 1196 quantum
1104 1116 1206 1198 idem,
1238 1120 1327 1182 esset

202 1218 393 1283 contrarium
415 1218 476 1283 sibi
497 1216 574 1303 ipsi:
604 1217 689 1300 quod
710 1223 759 1284 est
780 1217 988 1302 impossibile.
1035 1216 1098 1284 Sed
1121 1222 1232 1284 contra
1255 1214 1324 1282 offi-

202 1318 284 1384 cium
313 1319 500 1403 deputatum
527 1318 714 1402 Imperatori
744 1325 807 1402 est,
836 1320 979 1386 scindere
1006 1320 1189 1404 imperium,
1226 1337 1326 1401 quum

150 1431 182 1482 25
202 1421 339 1487 officium
368 1421 437 1505 ejus
465 1421 521 1504 sit,
550 1421 722 1485 humanum
750 1440 849 1503 genus
876 1423 930 1487 uni
958 1423 1059 1505 velle,
1092 1426 1124 1488 et
1151 1421 1207 1486 uni
1237 1421 1324 1487 nolle

200 1528 309 1590 tenere
332 1523 525 1606 subjectum,
552 1522 640 1586 utin
662 1522 763 1606 primo
786 1523 881 1606 hujus
904 1523 944 1589 de
966 1524 1053 1589 t'acili
1076 1522 1179 1590 videri
1199 1527 1324 1607 potest:

201 1643 277 1706 ergo
301 1624 445 1689 scindere
467 1623 651 1706 Imperium,
681 1624 869 1709 Imperatori
891 1645 954 1691 non
976 1625 1059 1691 licet.
1106 1623 1140 1689 Si
1163 1642 1241 1705 ergo
1264 1623 1323 1688 ali-

202 1744 284 1807 quae
307 1725 478 1806 dignitates
501 1745 558 1809 pcr
574 1723 815 1791 Constantinum
837 1732 943 1793 essent
957 1727 1117 1794 alienatae
1133 1724 1181 1812 (ut
1196 1725 1323 1810 dicunt)

201 1827 242 1892 ab
265 1827 412 1910 Imperio,
436 1830 468 1891 et
483 1827 652 1893 cessissent
674 1825 706 1890 ln
720 1833 910 1911 potestatem
925 1829 1099 1913 Ecclesiae,
1121 1828 1223 1894 scissa
1239 1834 1324 1893 esset

149 1940 182 1992 so
200 1925 307 1992 tunica
328 1927 542 2011 inconsutilis,
573 1947 669 2008 quam
698 1927 841 1996 scindere
872 1931 941 1995 ausi
966 1951 1029 1996 non
1051 1935 1124 1996 sunt
1146 1929 1244 1996 etiam
1268 1928 1323 2011 qui

201 2027 361 2093 Christum
384 2050 493 2095 verum
514 2029 618 2094 Deum
640 2029 752 2095 lancea
774 2031 979 2115 perforarunt.

285 2132 471 2213 Praeterea,
496 2130 576 2194 sicut
598 2132 742 2196 Ecclesia
765 2153 856 2198 suum
880 2132 976 2198 habet
996 2132 1252 2217 fundamentum,
1276 2133 1323 2198 sic

112 2243 116 2255 '
200 2238 231 2301 et
252 2232 423 2317 Imperium
439 2252 543 2298 suum:
566 2254 640 2298 nam
654 2233 820 2299 Ecclesiae
841 2233 1078 2300 firndameutum
1095 2234 1240 2300 Christus
1263 2240 1321 2300 est.

199 2334 292 2402 Unde
314 2335 488 2418 Apostolus
516 2333 559 2399 ad
582 2335 775 2402 Corinthios:
812 2335 1087 2418 „Fundamentum
1115 2334 1205 2401 aliud
1226 2356 1322 2403 nemo

228 2519 249 2551 ¹⁷
266 2518 357 2572 Verba
387 2521 468 2574 Harsa
501 2535 567 2589 erpo
601 2520 731 2572 minorem
849 2521 946 2574 sissent
973 2508 1000 2575 in
1022 2526 1186 2592 potestatem
1220 2551 1256 2562 -
1287 2520 1319 2576 F.

266 2604 403 2668 interimo,
437 2608 463 2656 et
496 2619 578 2673 qaum
612 2604 733 2675 probant
850 2611 876 2658 et
900 2607 1061 2660 concesisset
1084 2607 1112 2658 in
1131 2609 1270 2676 potestate
1287 2636 1320 2645 —

266 2689 365 2743 absunt
383 2703 399 2742 a
417 2686 476 2742 cod.
495 2687 529 2740 A.
849 2688 935 2742 Editt.
947 2689 1154 2743 Fraticellianae
1169 2691 1320 2745 anteriores

227 2772 249 2805 ¹⁰
265 2772 295 2826 P.
306 2789 360 2826 non
375 2778 485 2844 poterat
496 2773 567 2843 jura
576 2772 646 2843 Imp.
657 2773 731 2845 diprr.
851 2780 876 2828 et
894 2775 1072 2828 excessissent
1090 2776 1117 2828 iu
1131 2779 1271 2845 potestate

268 2857 314 2910 ·L.
334 2857 371 2912 Et
388 2874 448 2912 cam
465 2859 545 2912 etiam
557 2865 631 2929 pert.
809 2859 832 2892 ³⁰
849 2859 882 2913 H.
902 2860 965 2913 ansi
980 2875 1035 2912 riou
1051 2859 1169 2928 suerum

223 2943 248 2975 ²⁰
263 2942 296 2995 Η.
310 2943 483 3012 pertinacius
867 2942 936 2996 Edd.
955 2949 1019 2997 sicut
1035 2945 1086 3013 qui
1100 2943 1235 2999 Christum
1247 2975 1273 2984 -
1287 2943 1318 2997 F.

278 3026 347 3080 Edd.
355 3030 466 3081 recentt.
475 3032 645 3081 monstruose
652 3028 731 3081 istent
850 3032 913 3081 saut
930 3029 1011 3081 etiam
1023 3044 1079 3099 per
1097 3028 1158 3082 Chr.

222 3112 244 3144 ²¹
262 3111 301 3164 M.
328 3112 452 3182 officinm
483 3111 537 3166 siti
562 3113 730 3167 commissam
809 3112 831 3144 ³¹
849 3112 887 3165 Μ.
908 3113 1003 3167 lancea
1024 3113 1203 3183 perforarunt
1226 3141 1262 3152 -
1288 3112 1319 3165 E.

264 3196 307 3249 oet
322 3196 413 3267 depnt.
849 3197 945 3250 lancea
961 3196 1113 3270 perforare

222 3281 247 3313 ²⁰
263 3280 348 3333 Editt.
371 3283 399 3334 iu
417 3282 510 3351 primo
536 3279 620 3351 hujus
644 3280 731 3350 facite
808 3282 832 3314 ³³
848 3284 881 3335 Α.
901 3282 932 3334 Η.
951 3281 982 3334 L.
1001 3282 1038 3336 M.
1059 3282 1088 3335 P.
1107 3281 1141 3335 V.
1168 3312 1202 3321 -
1228 3281 1260 3335 F.
1279 3283 1320 3337 sic

263 3364 350 3418 uideri
849 3365 999 3438 Imperr'um
1021 3399 1048 3406 -
1076 3367 1161 3423 Editt.
1178 3369 1219 3423 sic
1237 3368 1318 3422 etiam

223 3449 247 3483 ²⁹
265 3449 453 3518 Conjecturam
467 3455 596 3515 nostram,
615 3449 730 3503 aFrati-
848 3448 996 3522 Imperium

264 3533 340 3589 cellio
364 3536 512 3601 receptam,
543 3534 600 3602 jam
623 3533 730 3594 firmant
866 3535 897 3588 F.
921 3536 951 3589 P.
975 3534 1128 3590 asecunrlo
1152 3534 1187 3589 ad
1208 3536 1318 3591 tertium

263 3620 294 3672 A.
313 3618 346 3671 H.
366 3618 403 3672 M.
421 3617 498 3671 V.—
511 3617 543 3672 L.
562 3625 588 3671 et
606 3619 729 3672 cessisset
848 3619 1055 3680 laudamentum
1072 3620 1221 3690 prosiliunt

262 3705 290 3757 in
303 3708 441 3775 potestate
467 3735 501 3742 -
526 3703 556 3756 P.
574 3712 600 3757 et
623 3719 729 3757 carices·
1300 3699 1304 3706 ’

263 3874 286 3906 ³⁰
302 3873 410 3928 Evnuo.
431 3872 569 3927 donamus
585 3871 658 3924 XIX.
672 3877 712 3927 r3.
732 3903 765 3913 -
782 3874 947 3941 Argumenta
965 3874 1073 3928 tunicae
1089 3873 1269 3939 inconsutilis,
1287 3881 1318 3930 ut

195 3941 356 3994 contrariam
375 3941 502 3995 defendat
526 3941 701 4004 seutentiam,
726 3941 812 3994 utitur
829 3941 1039 3996 Bonilacius
1062 3943 1090 3996 in
1108 3942 1188 3996 Bulla
1210 3943 1317 4008 „Unam

195 4012 348 4062 sanctam“:
367 4010 438 4073 „Pro
448 4010 545 4075 anima,
563 4008 642 4062 idest
659 4025 708 4077 pro
728 4025 757 4063 se
774 4009 842 4079 ipso,
861 4010 956 4077 capite,
968 4009 1316 4076 simulcravittPsalmists‚

194 4076 238 4130 Ps.
259 4081 299 4129 22.
326 4078 406 4141 [cath.
426 4082 477 4141 nt]
503 4096 526 4131 v.
546 4081 597 4141 20.)
616 4083 643 4130 et
661 4092 789 4144 corpore,
808 4077 879 4144 quod
898 4094 996 4147 corpus
1015 4080 1121 4132 unicum
1139 4078 1244 4133 scilicet
1261 4080 1317 4134 Ec-

195 4144 303 4198 clesiam
326 4146 474 4200 nominavit
503 4184 637 4199 ......
666 4144 741 4199 Haec
764 4150 805 4198 est
822 4146 914 4199 tunica
932 4146 1114 4211 inconsutilis,
1142 4162 1212 4214 quae
1231 4147 1318 4203 scissa

193 4212 330 4279 nonfuit,
355 4214 402 4268 sed
429 4219 502 4268 sorte
524 4213 655 4282 provenit.
696 4213 782 4279 Igitur
799 4212 939 4267 Ecclesiae
964 4215 1042 4268 unius
1066 4221 1093 4269 et
1117 4214 1215 4269 unicae
1233 4232 1318 4270 unum

193 4296 305 4347 corpus,
325 4298 407 4335 unum
426 4289 508 4350 caput
527 4323 532 4336 .
552 4320 558 4332 .
581 4323 586 4333 .
606 4280 729 4334 Christus
746 4279 881 4345 videlicet,
907 4288 934 4335 et
951 4282 1052 4336 Christi
1075 4281 1191 4337 vicarius
1209 4283 1318 4350 Petrus,

192 4348 318 4416 Patrique
336 4353 505 4404 successor.“
578 4349 601 4382 ³⁴
619 4348 730 4402 Pronus
748 4348 768 4400 Ι.
787 4348 874 4418 Epist.
894 4349 928 4403 ad
946 4349 1065 4405 Corinth.
1084 4365 1143 4420 cap.
1162 4350 1210 4406 III.
1230 4370 1255 4406 v.
1276 4357 1317 4406 11.
