2940 4808
334 326 469 382 DANTIS
487 326 707 381 Monaesum
725 327 759 381 11.
779 327 808 382 c.
830 332 868 383 12.
888 333 951 396 (ιο.)
971 335 1009 384 13.
1030 335 1091 397 ur.)
1235 327 1272 390 81

154 500 196 567 de
233 499 370 592 Virgine
397 501 514 582 Matre,
558 506 592 563 ut
627 500 661 564 in
694 500 752 565 illa
794 501 955 584 singulari
979 502 1104 583 generis
1146 504 1276 569 humani
1294 521 1326 573 so

155 601 369 686 descriptione
397 601 500 666 Filius
528 601 600 684 Dei,
630 603 724 668 homo
753 602 870 686 iactus,
894 605 988 670 homo
1012 605 1273 692 conscriberetur3

155 702 242 786 quod
262 704 323 768 fuit
344 703 426 768 illud
440 703 599 787 prosequi.
638 703 679 767 nt
701 703 781 770 forte
797 705 1000 770 sanctius'est
1015 703 1170 786 arbitrari,
1195 703 1273 770 uivi-

152 805 239 870 nitus
266 804 348 869 illud
377 805 515 871 exivisse
544 811 602 889 per
631 803 816 891 Caesarem5
853 813 888 871 ut
921 803 975 888 qui
998 811 1097 869 tanta
1129 809 1275 891 tempora

153 905 249 972 firerit
264 911 467 991 exspectatus
490 907 523 972 in
537 907 689 973 societate
704 905 894 988 mortalium,
918 924 988 970 cum
1002 907 1190 972 mortalibus
1205 908 1275 992 ipse

154 1027 188 1074 se
211 1009 419 1090 consignaret.
811 1044 813 1051 ·
995 1041 999 1049 ¹
1293 1030 1325 1082 35

239 1109 324 1193 Ergo
348 1110 501 1193 Christus,
525 1110 669 1193 Augusti,
693 1111 906 1176 Romanorum
929 1109 1116 1176 auctoritate
1141 1111 1272 1194 fungen-

154 1212 204 1295 tis,
229 1211 367 1279 edictum
389 1212 457 1278 fore
476 1212 607 1296 justum,
631 1232 727 1296 opere
749 1203 918 1295 persuasit.
965 1211 1006 1275 Et
1029 1230 1126 1293 quum
1147 1232 1167 1276 a
1185 1213 1274 1296 juste

112 1401 114 1404 1
155 1312 291 1397 edicere,
310 1313 491 1397 jurisdictio
514 1320 678 1398 sequatur3
702 1333 833 1379 necesse
855 1317 913 1396 est,
936 1313 1044 1394 utqui
1063 1313 1184 1397 justum
1207 1313 1273 1381 edi-

154 1421 241 1480 ctum
262 1416 436 1499 persuasit,
456 1415 710 1499 jurisdictionem
733 1416 830 1483 etiam
851 1415 1054 1499 persuaserit,
1078 1434 1160 1497 quae
1183 1415 1273 1483 side

150 1517 224 1600 jure
245 1537 309 1582 non
331 1522 414 1589 erat,
438 1516 557 1600 injusta
579 1520 656 1582 erat.
1293 1539 1341 1604 40,

238 1618 280 1683 Et
300 1618 484 1701 notandum,
509 1616 595 1700 quod
612 1623 832 1701 argumentum
855 1624 1014 1702 sumptum
1029 1618 1072 1683 ad
1087 1618 1272 1686 destructio·

153 1739 227 1785 nem
255 1719 491 1803 consequentis,
521 1720 597 1786 licet
626 1718 666 1785 de
694 1739 752 1785 sua
781 1719 882 1786 forma
911 1741 969 1804 per
999 1720 1140 1803 aliquem
1168 1723 1274 1789 locum

153 1826 277 1905 teneat,
300 1826 407 1887 tamen
429 1822 494 1886 rim
516 1841 606 1887 suam
627 1842 686 1906 per
708 1821 879 1888 secundam
907 1821 1040 1904 figuram
1063 1823 1216 1906 ostendit,
1246 1824 1274 1889 si

152 1921 336 2015 reducatur,
366 1925 447 1988 sicut
475 1929 696 2005 argumentum
725 1945 745 1988 a
774 1925 932 2009 positione
966 1924 1184 1990 antecedentis
1216 1946 1275 2009 per

152 2024 297 2110 primam.
347 2023 521 2091 Reducitur
549 2027 632 2091 enim
661 2026 721 2092 sic:
754 2024 856 2092 Omne
883 2025 1036 2109 injustum
1065 2023 1275 2110 persuadetur
1292 2050 1324 2102 45

153 2126 287 2210 injuste:
317 2126 460 2192 Christus
488 2147 552 2193 non
580 2128 738 2212 persuasit
765 2123 898 2210 injuste:
927 2145 1002 2208 ergo
1030 2147 1094 2193 non
1115 2128 1275 2211 persuasit

153 2227 314 2312 injustum.
352 2229 381 2293 Α
403 2228 560 2313 positione
582 2228 801 2295 antecedentis
823 2228 884 2294 sic:
907 2226 1008 2294 Omne
1030 2228 1182 2313 injustum
1203 2249 1273 2313 per-

153 2328 306 2395 suadetur
326 2330 459 2414 injuste:
483 2329 626 2396 Christus
644 2331 803 2415 persuasit
826 2326 987 2411 quoddam
1008 2329 1175 2414 injustum:
1195 2351 1273 2415 ¹ergo

152 2431 312 2515 persuasit
333 2431 459 2515 injuste.

386 2572 388 2579 Α
486 2699 488 2703 y
547 2605 668 2697 [curor
690 2621 763 2667 xm.
788 2597 882 2686 (xr.)]

237 2760 280 2825 Et
308 2762 335 2827 si
362 2762 540 2829 Romanum
567 2761 735 2846 imperium
764 2760 804 2828 de
828 2762 900 2845 jure
922 2760 1081 2845 nonfuit,
1105 2766 1276 2846 peccatum

179 2913 204 2946 ³⁰
221 2912 334 2968 Turrius
367 2920 394 2967 et
419 2913 521 2967 Frutic.
556 2913 688 2968 communi
826 2911 895 2965 Edd.
913 2912 998 2977 istud,
1016 2912 1057 2966 rel
1072 2911 1143 2966 illud
1158 2912 1273 2966 edictum

222 2997 371 3066 sphalmata
389 3003 419 3052 ut
437 2997 485 3052 iiia
805 2995 1157 3050 —Oumcoddiacitetiam
1164 2996 1273 3052 Vicinus

239 3081 270 3135 F.
288 3081 319 3135 P.
337 3082 370 3136 V.
389 3082 541 3154 singularis
766 3081 797 3146 ³⁴,
816 3082 841 3115 ⁴⁰
856 3081 889 3134 Η.
909 3096 980 3150 quae
997 3082 1023 3135 si
1038 3082 1146 3136 omniuo
1261 3090 1265 3099 '

180 3166 203 3198 ³¹
220 3166 255 3220 A.
273 3166 303 3220 P.
322 3167 488 3239 disceptione
765 3168 788 3199 ⁴¹
806 3166 840 3219 H.
858 3166 890 3219 L.
909 3165 940 3220 P.
959 3167 996 3218 n'r
1012 3173 1076 3220 nota

239 3250 358 3306 Primum
384 3251 479 3318 domo,
514 3252 587 3322 quod
617 3250 688 3306 inter
765 3253 788 3284 ⁴⁴
805 3251 838 3305 F.
856 3251 891 3305 H.
909 3251 941 3305 L.
959 3251 997 3304 M.
1015 3250 1133 3305 V.-P.
1153 3251 1273 3306 intexto

223 3336 299 3392 codd.
322 3353 393 3392 nnus
417 3337 516 3393 omittit
539 3337 587 3402 M,
611 3338 689 3392 abest
807 3337 1026 3408 apropositioue,
1040 3336 1273 3405 quodcorrectum

222 3422 257 3476 ab
276 3422 401 3478 omnibns
418 3422 563 3490 impressis.
807 3421 835 3475 in
861 3437 944 3490 marg.
970 3451 1001 3461 -
1026 3423 1059 3474 A.
1079 3421 1273 3491 reprobatione
1343 3461 1351 3475 .

181 3506 205 3542 ⁴⁴
221 3506 290 3561 Edd.
310 3513 433 3578 temporo
451 3511 527 3561 tauto
807 3537 838 3546 -
856 3506 924 3560 Edd.
943 3507 971 3560 in
984 3506 1123 3576 positione

181 3591 204 3624 ³⁴
221 3591 253 3645 L.
264 3591 302 3644 M.
322 3598 348 3646 et
365 3591 423 3646 edd.
440 3591 536 3661 sumat
553 3596 669 3661 earpect.
824 3591 855 3644 F.
868 3593 955 3662 posit.
972 3590 1161 3658 consequentis

181 3676 212 3742 ³⁴,
223 3675 246 3708 ³⁷
264 3676 296 3729 A.
306 3676 340 3729 H.
357 3677 534 3746 suopente—
548 3675 581 3729 L.
591 3675 622 3730 P.
635 3675 689 3744 fiu—
766 3676 789 3709 ⁴⁴
807 3675 839 3730 F.
874 3676 1056 3746 persuadetur
1086 3674 1218 3743 injustum
1245 3679 1273 3729 et

222 3761 311 3831 pentir
327 3761 417 3815 -Μ,
435 3761 565 3831 facientis
804 3776 928 3830 perram.
948 3761 1078 3831 injustum

182 3845 205 3878 ³⁴
222 3846 255 3899 A.
273 3846 307 3898 H.
326 3845 360 3900 V.
378 3845 416 3900 od
425 3847 505 3917 juste
767 3844 790 3877 ⁴⁸
806 3843 839 3897 F.
850 3845 883 3897 V.
885 3844 1070 3916 persuadetur
1079 3843 1160 3897 etiam
1171 3843 1273 3914 injuste

182 3931 206 3964 ⁴⁴
222 3931 254 3985 F.
273 3931 459 3987 coudr'cere-
472 3931 506 3987 A.
524 3931 557 3986 V.
575 3930 689 3985 eduam

224 4094 247 4127 ³³
451 4137 456 4148 .
494 4133 499 4146 .
536 4135 542 4146 .
578 4091 605 4146 lu
622 4090 699 4145 molti
715 4090 783 4143 aare
798 4089 944 4158 lacrimula
960 4105 1029 4159 poce

155 4174 221 4229 dicit
237 4176 354 4230 Aneros
370 4176 399 4230 in
416 4176 526 4245 Purgat.
544 4176 578 4229 X.
597 4180 637 4228 35.
664 4174 705 4230 cf.
723 4173 928 4228 ParadXXVl.
950 4177 1005 4227 119.
1075 4174 1098 4207 ⁴⁴
1117 4174 1184 4229 Vide
1201 4189 1271 4244 quae

153 4244 305 4299 notavimus
323 4243 358 4298 ad
376 4249 458 4314 caput
474 4244 644 4300 undecimum
662 4243 740 4312 (vulg.
760 4247 811 4306 13.)
829 4242 891 4296 libri
907 4241 993 4310 primi.

1115 4331 1131 4382 6
