2940 4808
439 215 574 271 DANTIS
591 214 810 270 MONARClssA
827 216 862 270 11.
882 215 911 271 0.
930 220 954 269 5.
974 220 998 270 6.
1236 216 1278 277 57

152 388 288 472 quidem
317 387 387 472 ejus
415 388 543 472 factum,
579 387 642 452 nisi
666 391 752 453 esset
783 386 856 470 jure
890 385 1070 471 laudatum,
1100 409 1178 455 nonv
1194 396 1279 458 esset

152 490 299 557 imitatus
315 493 427 570 quarto
444 489 617 555 Consulatu
640 507 697 553 suo
712 487 811 572 filius,
835 507 940 569 neque
955 509 1050 572 porro
1066 511 1107 556 ex
1122 510 1160 557 eo
1176 496 1279 579 natus,

153 614 229 660 cum
250 590 373 678 Pyrrho
396 590 517 656 bellum
539 609 668 672 gerens,
693 590 812 656 Consul
834 611 872 657 eo
896 590 1063 658 cecidisset
1090 592 1124 656 in
1145 595 1278 678 praelio,

154 713 256 777 seque
278 714 296 760 e
319 692 493 759 continenti
513 711 630 774 genere
659 692 785 757 tertiam
808 691 972 757 victimam
994 694 1201 778 Reipublicae
1224 697 1277 761 tri-

154 794 309 866 buisset.“
352 796 389 860 In
415 793 456 859 iis
483 814 559 860 vero
589 812 682 876 quae·
695 791 734 858 de
758 793 893 878 Officiis,
924 793 964 861 de
988 796 1110 863 Catone
1136 797 1277 865 dicebat:
1298 806 1346 863 1¹⁰

156 899 251 985 „Non
273 898 357 963 enim
379 896 445 961 alia
465 897 499 960 in
521 915 618 962 causa
632 899 758 964 Marcus
781 896 860 962 Cato
882 896 956 979 fuit,
981 898 1046 962 alia
1068 901 1200 983 caeteri,
1224 903 1279 984 qui

155 1021 192 1069 se
213 1001 247 1066 in
268 999 377 1066 Africa
400 998 530 1064 Caesari
552 997 765 1084 tradiderunt,
792 1003 890 1081 atque
913 999 1047 1065 caeteris
1069 1000 1177 1067 forsan
1199 1003 1278 1070 vitio

157 1103 267 1169 datum
282 1107 377 1184 esset,
400 1102 428 1166 si
443 1120 478 1167 se
500 1101 744 1184 interemissent,
766 1105 938 1184 propterea
953 1101 1040 1184 quod
1053 1102 1155 1169 levior
1169 1124 1279 1171 eorum

155 1206 239 1289 rita,
263 1208 295 1271 et
317 1223 421 1270 mores
449 1203 575 1269 fuerunt
595 1203 763 1269 faciliores.
809 1202 925 1268 Catoni
955 1223 1031 1270 vero
1061 1222 1157 1285 quum
1178 1205 1277 1271 incre-

157 1307 289 1374 dibilem
311 1310 425 1371 natura
447 1305 610 1372 tribuisset
631 1305 837 1388 gravitatem,
869 1324 1003 1386 eamque
1028 1312 1183 1390 perpetua
1205 1327 1276 1373 con·
1298 1323 1344 1374 115

156 1408 276 1477 stantia
296 1408 494 1491 roborasset,
521 1426 707 1492 semperque
729 1408 763 1471 in
784 1407 948 1492 proposito
971 1411 1181 1492 susceptoque
1204 1429 1276 1475 con-

150 1511 229 1579 silio
250 1509 492 1596 permansisset,
515 1508 712 1577 moriendum
735 1509 765 1574 ei
794 1508 915 1593 potius,
946 1526 1040 1588 quam
1062 1510 1188 1594 tyranni
1210 1511 1278 1576 vul-

155 1618 208 1679 tus
230 1611 456 1696 adspiciendds
477 1609 567 1676 iuit.“

619 1800 741 1874 [cucur
764 1799 818 1873 vu]

241 1951 416 2017 Declarata
437 1948 533 2032 igitur
548 1947 610 2015 duo
634 1953 719 2034 sunt,
745 1968 877 2031 quorum
893 1967 990 2018 unum
1013 1952 1076 2032 est,
1101 1948 1187 2031 quod
1209 1951 1275 2032 qui-

157 2070 291 2134 cumque
325 2051 440 2116 bonum
474 2051 672 2134 reipublicae
704 2050 855 2135 intendit,
889 2049 986 2116 finem
1012 2050 1094 2134 juris
1126 2051 1277 2118 intendit:

156 2152 245 2220 aliud
273 2156 337 2235 est,
367 2150 453 2233 quod
481 2153 641 2218 Romanus
668 2153 805 2237 populus
833 2150 1032 2235 subjiciendo
1063 2153 1126 2218 sibi
1158 2154 1276 2238 orbem,

156 2256 274 2322 bonum
296 2253 458 2338 publicum
479 2252 623 2320 intendit.
661 2256 753 2321 Nunc
776 2260 926 2338 arguatur
940 2253 984 2319 ad
997 2255 1196 2340 propositum
1217 2256 1277 2321 sic:

175 2439 209 2473 ¹⁰¹
224 2437 260 2493 F.
277 2437 347 2504 Quia
365 2437 501 2507 quidquid
517 2438 578 2508 ejus
762 2440 795 2472 ¹¹¹
812 2438 855 2493 Ita
879 2455 971 2496 omnes
996 2455 1056 2494 cum
1081 2438 1219 2494 Cicerone.
1244 2469 1278 2479 -

241 2523 283 2578 Ita
308 2537 399 2577 omnes
422 2538 482 2576 cum
507 2522 636 2578 Cicerone
657 2554 691 2564 —
810 2523 878 2577 Edd.
898 2523 960 2578 dum
979 2524 1161 2579 incredibilem

224 2607 294 2662 Edd.
312 2623 367 2662 nort
383 2608 485 2677 scisset
501 2608 567 2661 imit.
763 2609 796 2641 ¹¹¹
813 2607 847 2661 H.
871 2608 910 2662 M.
934 2624 1040 2680 semper
1070 2608 1136 2672 (sine
1163 2607 1278 2677 conjun-

176 2693 210 2727 ¹⁰¹
227 2693 259 2748 F.
283 2692 405 2747 consulte
430 2690 570 2745 cecidisset
601 2723 636 2731 -
666 2693 692 2745 A
812 2692 911 2759 ctione)

225 2777 363 2833 Ciceronis
381 2778 458 2830 textu
477 2775 555 2830 abest
572 2792 603 2830 eo
763 2779 796 2812 11⁷
808 2779 1006 2848 permansisset
1025 2776 1101 2831 deest
1117 2777 1145 2830 in
1162 2777 1193 2829 F.
1212 2777 1243 2831 P.

176 2863 211 2898 ¹⁰⁹
227 2863 257 2917 P.
276 2864 369 2930 sicque
385 2892 419 2899 -
436 2860 468 2913 F.
486 2861 564 2930 sique
743 2862 807 2930 Cap.
827 2861 874 2915 VI.
913 2863 921 2893 ¹
937 2862 968 2914 A.
987 2860 1019 2915 P.
1038 2861 1070 2914 L.
1084 2861 1118 2914 H.
1136 2877 1191 2915 non
1208 2862 1277 2916 indi-

240 2947 275 3001 H.
298 2946 336 2999 M.
359 2945 393 3002 V.
417 2975 451 2984 —-
477 2945 507 2998 P.
532 2951 559 2999 et
582 2945 642 3001 edd.
666 2950 692 3000 et
810 2950 874 3001 cant
890 2947 953 3001 nori
971 2945 1068 3015 capitis
1085 2946 1200 3000 initium.

224 3030 373 3087 continenti
394 3061 428 3068 —
451 3029 484 3082 F.
508 3034 534 3083 et
556 3031 584 3084 ie
603 3031 692 3085 conti·
826 3032 860 3085 A.
883 3031 915 3084 F.
939 3031 974 3085 Η.
992 3030 1025 3085 V.
1052 3061 1086 3070 -
1112 3031 1150 3086 M.
1169 3033 1200 3086 P.
1224 3032 1278 3088 Dc-

223 3117 299 3171 ueute'
322 3144 356 3155 -
380 3115 413 3168 A.
435 3115 464 3169 in
487 3116 637 3170 continenti
657 3147 691 3154 —
810 3115 900 3171 claret
934 3145 968 3155 —
1002 3115 1034 3169 L.
1062 3116 1212 3178 Desierant
1243 3147 1277 3158 -

223 3201 256 3255 L.
274 3200 423 3256 continenti
809 3199 904 3255 Versio
929 3199 1018 3254 Picini
1040 3204 1068 3255 et
1091 3200 1160 3255 Edd.
1179 3201 1277 3258 Decla-

174 3285 208 3319 ¹¹⁰
224 3284 256 3339 F.
274 3284 310 3339 In
328 3285 362 3339 iis
379 3300 441 3339 cero
460 3283 493 3338 de
512 3283 565 3354 Off.
810 3285 907 3340 raudo.
947 3284 1000 3340 Sed
1024 3291 1167 3354 utrumque
1186 3286 1277 3351 (finem

176 3373 209 3405 ¹¹¹
226 3370 259 3424 Η.
285 3369 357 3423 Num
384 3385 444 3422 cem
472 3400 504 3408 -
533 3368 565 3422 F.
592 3370 624 3423 L.
652 3370 690 3427 M.
807 3370 877 3439 juris
895 3368 1042 3436 intendere,
1062 3371 1276 3439 quibonumrei·

223 3455 297 3510 Num
315 3455 385 3509 euim
809 3454 936 3523 publicae
952 3454 1110 3520 intendunt,
1129 3459 1160 3508 ut
1176 3454 1276 3510 Roma·

174 3541 210 3575 ¹¹2
226 3537 444 3594 Abbreviationis
472 3537 591 3606 signum,
621 3538 691 3607 quod
810 3555 875 3593 num
901 3541 1044 3608 populum,
1080 3556 1162 3608 quum
1185 3542 1276 3594 orbem

221 3625 338 3679 habetur
355 3622 532 3678 inF.delicto
544 3625 690 3691 (pronicio)
810 3628 945 3679 terrarum
962 3625 1015 3678 sibi
1023 3624 1177 3692 subjiceret,
1195 3624 1276 3678 finem

221 3708 362 3776 legendum
380 3723 440 3763 esse
457 3706 563 3762 ridetur
804 3708 1041 3776 jurisintendisse)
1056 3709 1114 3776 jam
1128 3709 1275 3777 inpraese-

173 3795 208 3829 ¹¹¹
225 3796 251 3849 si
266 3810 295 3848 se
313 3792 388 3848 deest
405 3793 434 3848 in
451 3793 483 3846 F.
502 3793 534 3846 L.
551 3792 589 3846 M.
600 3793 631 3845 P.
653 3793 686 3847 V.
807 3792 1016 3862 dentecapitulo
1033 3793 1157 3862 exposuit
1171 3796 1274 3849 auctor.

223 3881 256 3932 A.
284 3877 358 3949 quod
384 3877 453 3932 licor
485 3908 518 3917 —
552 3877 584 3930 In
611 3881 687 3930 textu
823 3877 856 3936 F,
874 3878 907 3931 H.
927 3876 1002 3932 Decl.
1022 3894 1090 3949 erqo

224 3962 360 4041 Ciceronis
379 3963 455 4032 qaod
472 3962 558 4017 lenior

227 4134 260 4166 ¹¹¹
276 4132 349 4186 lnam
368 4130 400 4185 de
419 4130 497 4186 offic.
515 4132 537 4184 I.
557 4135 598 4185 31.
618 4135 699 4196 (112)
