2940 4808
431 324 565 379 DANTIS
583 325 801 381 MONARGHIA
818 325 865 380 III.
885 327 913 381 G.
931 331 958 381 4..

1213 327 1257 388 99

220 495 291 562 Hoc
313 497 399 581 viso,
423 497 464 561 ad
486 497 651 564 meliorem
672 498 767 582 hujus
793 506 826 564 et
846 500 982 565 aliarum
1003 499 1133 565 inferius
1155 501 1253 566 iacta

47 595 48 598 ’
133 619 203 664 rum
226 598 417 664 solutionum
432 600 636 684 evidentiam,
658 598 899 683 advertendum,
923 600 1009 682 quod
1029 602 1113 667 circa
1127 622 1254 668 sensum

133 700 304 785 mysticum
332 700 502 785 dupliciter
529 720 634 768 errare
664 701 830 782 contingit:
860 705 916 766 aut
948 703 1128 784 quaerendo
1149 704 1254 786 ipsum
1272 723 1306 774 35

133 802 190 868 ubi
210 822 274 867 non
296 809 360 886 est,
383 809 438 868 aut
460 800 646 886 accipiendo
669 803 763 868 aliter
785 822 880 884 quam
903 803 1004 885 accipi
1029 802 1153 871 debeat.

219 905 354 986 Pr0ptcr
374 905 541 989 primum
570 903 648 968 dicit
675 903 924 987 Augustinus
952 905 985 968 in
1015 904 1153 974 Ciuitate
1174 907 1253 973 Dei:

133 1008 207 1073 Non
229 1006 337 1072 omnia
365 1024 447 1087 quae
475 1010 567 1087 gesta
588 1011 770 1089 narrantur,
800 1005 897 1071 etiam
926 1005 1105 1088 significare
1129 1007 1252 1090 aliquid

132 1106 276 1194 putanda
298 1111 384 1190 sunt3
408 1107 467 1174 sed
488 1112 619 1193 propter
639 1107 697 1171 illa
712 1126 794 1189 quae
810 1107 933 1189 aliquid
948 1107 1135 1192 significant,
1154 1109 1251 1175 etiam

133 1229 283 1292 eaquae
311 1209 391 1274 nihil
420 1208 614 1292 significant,
647 1213 838 1275 attexuntur.
894 1207 971 1275 Solo
1008 1230 1136 1277 vomere
1167 1214 1253 1277 terra
1269 1231 1302 1281 4ο
1381 1277 1383 1286 .

132 1311 359 1395 proscinditur3
394 1309 453 1376 sed
480 1314 516 1375 ut
543 1311 604 1376 hoc
631 1309 701 1376 fieri
728 1311 844 1395 possit,
878 1311 975 1376 etiam
998 1316 1126 1377 caetera
1154 1313 1253 1378 aratri

132 1413 275 1478 membra
296 1416 368 1477 sunt
389 1413 577 1478 necessaria.

216 1515 351 1599 Propter
372 1513 602 1596 secundum,
631 1512 738 1579 idem
759 1514 806 1579 ait
827 1514 861 1577 in
884 1513 1038 1580 Doctrina
1061 1514 1251 1600 Christiana,

131 1616 266 1697 loquens
295 1615 335 1682 de
363 1615 436 1698 illo,
470 1615 525 1696 qui
554 1615 623 1679 vult
645 1614 734 1680 aliud
754 1616 789 1679 in
810 1615 973 1698 scripturis
995 1616 1126 1700 sentire,
1155 1635 1251 1698 quam

131 1716 188 1782 ille
210 1717 264 1799 qui
285 1716 411 1801 scripsit
432 1736 488 1782 eas
510 1716 601 1800 dicit,
626 1716 711 1797 quod
733 1716 799 1800 „ita
820 1716 949 1800 fallitur,
973 1736 1011 1781 ac
1033 1717 1060 1781 si
1083 1719 1251 1801 quisquam
1268 1741 1299 1792 45

132 1818 281 1885 deserens
304 1819 405 1901 viam,
430 1839 467 1884 eo
489 1823 598 1884 tamen
618 1839 677 1902 per
697 1836 811 1901 gyrum
832 1823 994 1901 pergeret,
1025 1837 1088 1898 quo
1116 1821 1171 1885 via
1191 1821 1251 1885 illa

129 1918 306 2003 perducit.“
341 1920 384 1984 Et
405 1919 525 1985 subdit:
548 1917 858 2003 „Demonstrandum
881 1925 944 2004 est,
965 1925 1000 1984 ut
1023 1921 1250 1990 consuetudine

155 2121 179 2154 ³³
196 2121 229 2172 A.
247 2120 282 2173 H.
300 2119 330 2172 P.
348 2118 432 2190 bujus
449 2120 566 2174 oliorum

158 2207 180 2238 ³³
197 2205 229 2258 F.
239 2205 270 2257 L.
281 2204 310 2257 P.
321 2204 353 2257 V.
365 2204 439 2273 quod
452 2210 547 2260 coutru
555 2221 663 2259 sensum

157 2290 180 2322 ³³
197 2289 227 2342 P.
246 2289 346 2344 omittit
363 2290 504 2359 mysticum

156 2373 179 2407 ³³
196 2373 227 2430 P.
246 2375 337 2443 accipi
352 2373 465 2428 debebat

155 2459 178 2491 ³³
196 2458 228 2511 A.
246 2458 284 2511 M.
302 2457 335 2510 V.
353 2460 381 2512 iu
401 2458 469 2512 libro
492 2459 526 2512 dc
544 2457 663 2512 Ciuitate.

196 2574 230 2581 -
246 2542 280 2595 H.
299 2544 328 2597 3⁰
345 2543 379 2597 de
398 2542 472 2597 Ciuit.
497 2573 530 2581 -
552 2541 663 2596 Ficinus

196 2627 242 2680 uel
259 2626 326 2680 iibro
345 2627 416 2681 dcllu
436 2626 506 2681 Citii

154 2713 178 2746 ³³
195 2711 281 2766 Editt.
300 2711 363 2767 Nou
381 2728 447 2766 succ
465 2713 555 2767 omniu

156 2798 178 2829 44
196 2797 226 2850 Ρ.
255 2802 328 2851 terra
351 2796 540 2868 proscinditur
565 2827 600 2837 -
624 2796 658 2850 H.

197 2887 270 2935 terro
282 2883 471 2951 perscirsditur
485 2912 517 2921 -—
529 2883 568 2938 M.
587 2888 661 2937 terra

194 2966 334 3020 scinditur.

107 3093 108 3096 .
156 3052 188 3115 44,
208 3052 231 3083 44
248 3051 279 3104 F.
292 3052 391 3122 possit,
414 3056 521 3105 coetero
543 3051 661 3107 membra

194 3140 288 3190 aratro

154 3221 177 3252 44
193 3220 231 3274 M.
251 3219 371 3290 Propter
388 3221 464 3291 quod
480 3221 549 3275 idem

152 3304 176 3337 ³³
193 3303 278 3358 Editt.
298 3306 337 3359 ait
354 3307 383 3359 iu
402 3306 470 3360 libro
483 3306 516 3360 dc
528 3306 660 3360 Doctrina

740 2121 762 2151 ⁴³
780 2119 871 2174 Verba
894 2122 945 2190 qui
965 2121 1035 2186 oreti,
1059 2137 1128 2189 quae
1151 2121 1249 2178 desunt

781 2205 810 2257 in
828 2205 949 2270 caeteris,
967 2207 1118 2275 recepimus
1127 2223 1160 2261 ex
1171 2207 1247 2262 codd.

781 2289 813 2342 L.
830 2289 868 2342 M.

799 2374 831 2429 V.
853 2375 932 2429 atiud
947 2380 1029 2429 stium
1046 2379 1140 2449 script.

741 2460 764 2493 ⁴⁵
782 2460 813 2512 F.
844 2459 875 2512 P.
905 2459 1016 2531 fallitur
1051 2464 1078 2516 si
1104 2465 1248 2532 quisquam

783 2545 824 2609 (P.
845 2546 871 2598 si
886 2546 1012 2615 siquam),
1030 2546 1127 2600 omisso
1146 2562 1180 2600 uc

741 2629 764 2662 ³³
782 2628 862 2697 Apud
878 2626 1060 2697 Augustinum
1075 2630 1197 2698 legimus:
1216 2647 1248 2684 eo

782 2719 871 2767 tumori
882 2731 938 2784 per
949 2731 1046 2785 aprum
1053 2719 1166 2787 perpat,
1176 2714 1248 2768 unde

782 2797 962 2863 divinandum,
977 2805 1115 2854 auctorem
1125 2804 1247 2854 nostrum

782 2889 858 2937 textu
883 2876 972 2937 minus
1004 2889 1125 2939 correcto
1154 2884 1247 2938 Sancti

780 2967 960 3036 Hipponensis
975 2985 1057 3023 usum
1076 2985 1142 3024 esse.

739 3053 770 3118 44,
790 3053 812 3084 44
836 3053 868 3106 A.
896 3053 927 3107 P.
956 3055 999 3108 viu
1027 3054 1075 3108 illu
1101 3055 1141 3117 (P.
1169 3054 1244 3116 iiiuc)

776 3137 906 3207 producit
1137 3189 1139 3193 ,

738 3222 760 3253 44
780 3221 882 3276 Toxius
911 3223 1056 3290 Augustini
1083 3224 1185 3279 rectius
1211 3242 1245 3279 uc

778 3322 871 3360 cousu.

195 3493 217 3524 ³⁷
235 3491 311 3546 Haec
328 3491 439 3546 totidem
458 3491 564 3559 quidem
581 3492 669 3545 verbis
692 3491 721 3546 in
744 3492 821 3549 libris
845 3492 884 3546 de
903 3492 996 3546 Civit.
1016 3493 1077 3547 Dei
1095 3492 1243 3560 deprehen-

125 3560 189 3624 dere
205 3561 270 3614 mihi
288 3576 343 3614 non
361 3560 484 3628 contigit3
510 3559 607 3613 similia
627 3565 720 3614 tamen
742 3570 806 3614 sunt
824 3576 893 3628 quae
914 3561 1040 3629 leguntur
1061 3576 1119 3629 cap.
1140 3565 1163 3614 2.
1181 3560 1244 3614 libri

123 3627 223 3682 XVH:
254 3628 340 3695 „Mihi
357 3634 461 3693 autem,
484 3627 555 3682 sicut
571 3628 684 3681 multum
701 3627 824 3683 videntur
842 3645 947 3695 errare,
967 3629 1012 3698 qui
1029 3629 1118 3683 nullas
1135 3643 1179 3682 res
1196 3644 1242 3696 ge·

124 3699 181 3750 stas
205 3696 233 3748 iu
257 3711 289 3750 eo
313 3711 409 3763 genere
431 3694 570 3750 literarum
593 3695 694 3763 aliquid
717 3696 791 3750 aliud
814 3703 922 3765 praeter
945 3697 987 3762 id,
1012 3696 1083 3764 quod
1107 3711 1138 3750 eo
1162 3697 1241 3751 modo

123 3769 200 3832 gesta
217 3769 295 3826 suni,
314 3763 468 3831 significare
485 3763 665 3829 arbitrantur,
683 3764 722 3816 ita
738 3764 852 3818 multum
870 3764 983 3820 audere.
1006 3764 1050 3832 qui
1070 3780 1182 3832 prorsus
1204 3764 1242 3828 ibi

124 3832 214 3887 omnia
232 3831 631 3898 significationibusallegoricis
643 3831 834 3886 involutaessc
851 3832 1045 3886 contendunt.“

1114 3833 1241 3885 ⁴³Aucu-

123 3915 221 3954 suiuus
240 3899 288 3953 De
306 3899 412 3954 doctr.
432 3900 560 3953 Christ.
579 3899 600 3951 Ι.
619 3905 665 3952 36:
692 3899 834 3967 „Quisquis
851 3901 881 3954 in
899 3901 1040 3969 scripturis
1059 3900 1132 3953 aliud
1150 3901 1240 3968 sentit,

123 3983 203 4037 quam
220 3968 266 4021 ille
284 3968 329 4034 qui
347 3968 467 4037 scripsit,
485 3967 536 4020 illis
553 3983 608 4020 non
624 3967 830 4034 mentientibus,
848 3969 963 4035 fellitum
983 3968 1030 4023 sed
1047 3975 1137 4022 tamen
1156 4008 1161 4021 .
1183 4009 1188 4020 .
1207 4007 1214 4020 .
1233 4008 1239 4020 .

121 4036 161 4090 ita
178 4036 296 4098 fallitur,
316 4051 347 4089 ac
366 4039 389 4089 si
407 4036 559 4104 quisquam,
578 4050 669 4088 errore
687 4034 812 4088 deserens
830 4037 906 4102 riam
925 4051 957 4090 eo
976 4041 1065 4090 tamen
1082 4051 1131 4104 per
1147 4051 1241 4104 agrum

121 4110 230 4172 pergat,
256 4120 308 4171 quo
334 4103 414 4157 etiam
432 4105 474 4158 via
497 4104 543 4157 illa
560 4102 690 4170 perducit.
735 4102 916 4170 Corrigendus
934 4108 1097 4168 esttamen,
1116 4107 1144 4158 et
1161 4120 1240 4172 quam

122 4171 159 4226 sit
175 4172 268 4225 utilius
286 4171 523 4226 demonstrandum
540 4179 593 4237 est,
612 4187 646 4224 ne
664 4170 857 4225 consuetudine
872 4171 995 4226 deviandi
1012 4171 1040 4226 in
1057 4177 1241 4228 transversum

121 4246 170 4294 aut
187 4255 343 4310 perversum
360 4239 399 4294 ire
417 4243 553 4307 cogaturf‘

1065 4325 1102 4377 ⁸¹1*
