2940 4808
150 319 238 374 LVIII
521 319 684 375 CODICUM
701 319 892 375 ELENCHUS

274 497 443 564 latinorum
473 498 510 559 T.
533 494 582 557 III
612 495 672 559 col.
697 496 773 558 153:
818 494 950 575 „Codex
973 498 1188 564 membranae.
1212 499 1268 563 bls.

273 609 306 673 in
328 608 382 672 tol.
435 607 525 673 Sacc.
549 605 619 669 XV.
652 605 751 670 mirae
776 605 1015 688 pulcritudinis,
1049 627 1120 673 cum
1149 608 1270 691 duplici

273 719 396 802 pictura
418 717 451 783 in
473 715 641 800 principio,
671 735 803 797 quarum
833 736 897 780 una
919 736 1049 800 operum
1072 719 1268 801 singulorum

273 828 398 909 titulos,
432 827 537 892 aurcis
570 831 601 891 et
634 826 789 891 caeruleis
823 825 937 892 litteris
970 834 1133 907 exaratos,
1167 830 1270 894 altera

272 938 449 1005 Medioeum
481 944 631 1017 stemma,
666 944 698 1001 et
729 935 794 1000 alia
827 937 1019 1003 emblemata
1048 939 1145 1004 variis
1174 941 1270 1005 inter-

273 1050 374 1115 mixta
389 1047 583 1112 ornamentis
600 1045 762 1111 exiribct.“
800 1044 887 1129 Opus
902 1054 1054 1128 nostrum,
1077 1049 1160 1132 quod
1184 1071 1269 1115 ama-

273 1159 404 1227 nuensis
433 1176 586 1240 „summa
608 1155 820 1222 monarchia“
842 1157 1018 1240 inscripsit,
1042 1159 1177 1225 babetur
1193 1161 1270 1227 inde

272 1270 367 1338 aiol.
390 1272 462 1333 230.
484 1265 527 1332 ed
549 1267 570 1332 l.
594 1270 665 1331 261.

168 1376 384 1446 M.—Oodex
417 1379 786 1457 Mnoumouconmnus,
825 1376 1045 1460 Florentiuus,
1086 1381 1125 1445 cl.
1158 1381 1268 1447 XXX.

273 1491 332 1555 No.
350 1492 420 1571 239,
444 1489 582 1553 chartac.
605 1488 639 1552 in
662 1496 773 1569 quarto
795 1505 879 1552 saec.
892 1489 978 1553 XVI.
1016 1488 1104 1574 Opus
1126 1500 1268 1557 nostrum

271 1600 383 1684 incipit
405 1599 459 1664 tol.
483 1601 532 1663 87.

170 1710 204 1775 P.
219 1746 256 1756 -
271 1710 380 1777 (lodex
410 1707 800 1774 Pnunnmo-Vlrronuus
829 1708 889 1773 No.
916 1711 1011 1791 1729,
1035 1712 1212 1777 membran.
1235 1713 1268 1777 in

271 1823 324 1889 tol.
353 1840 436 1887 saec.
465 1818 553 1883 XIV.
597 1818 784 1883 Monarchie
805 1818 917 1901 incipit
938 1819 959 1884 f.
983 1824 1033 1886 31.
1056 1820 1156 1885 -In
1179 1823 1269 1888 calce

271 1934 492 1999 Bucolicorum
515 1929 677 1993 Francisci
699 1928 884 2008 Pctrarcae,
914 1949 996 2011 quae
1024 1929 1158 2013 primam
1182 1933 1269 1998 volu-

270 2043 364 2109 minis
386 2047 510 2126 partcm
532 2038 735 2119 constituunt,
759 2037 888 2120 legitur:

360 2150 522 2216 Francisci
545 2149 585 2215 de
698 2148 826 2231 explevi
855 2149 1011 2232 corrigere
1040 2154 1091 2215 20.
1113 2153 1187 2218 Iulii
1210 2154 1268 2219 Pe·

361 2259 625 2344 Montepolitiano
697 2258 773 2324 rusii
803 2263 889 2324 1394.
913 2259 973 2326 deo
996 2262 1115 2343 gratias
1137 2265 1251 2329 Amen.

270 2372 419 2455 Sequitur
448 2371 529 2450 alia,
559 2370 604 2433 uti
633 2367 775 2450 videtur,
805 2370 862 2434 sed
886 2371 1029 2454 ejusdem
1060 2373 1131 2438 aevi
1153 2394 1266 2439 mauu:

270 2481 386 2548 Dantis
413 2479 594 2562 Aldighcrii
627 2479 787 2545 florentini
815 2482 1000 2549 Monarchie
1033 2483 1114 2549 liber
1144 2483 1266 2567 incipit.

271 2591 392 2658 Ultimo
422 2592 491 2655 loco
521 2588 680 2655 habentur
709 2591 863 2673 epistolae
887 2593 1015 2673 Dentis,
1045 2613 1179 2675 quarum
1206 2594 1267 2677 pri-

269 2723 354 2767 mam
377 2700 522 2766 notitiam
547 2700 620 2766 dedi
643 2720 729 2765 anno
755 2705 835 2768 1838
843 2701 877 2786 ,¹)
909 2710 940 2767 ct
962 2723 1041 2786 quas
1063 2723 1149 2769 anno
1176 2707 1264 2769 1842.

270 2812 401 2878 Turrius
424 2811 542 2894 publici
559 2811 642 2894 juris
664 2810 747 2876 tecit.

170 2925 206 2990 V.
219 2959 260 2971 -
275 2922 386 2989 Codex
400 2922 570 3002 Vnumne,
592 2920 806 2986 bibliothecae
822 2921 932 2988 Sancti
946 2924 1045 2989 Marci
1061 2923 1161 2990 Oless.
1177 2925 1264 3003 XIV.

268 3034 329 3099 No.
353 3037 424 3097 204.
459 3032 492 3096 in
522 3031 576 3096 iol.
608 3031 784 3096 membran.
818 3051 901 3097 saec.
929 3032 1017 3098 XIV.
1068 3035 1164 3100 Initio
1193 3036 1266 3101 libri

268 3144 348 3209 haec
369 3143 535 3225 leguntur:
565 3142 624 3222 „In
652 3141 781 3207 nomine
812 3141 931 3207 domini
958 3145 1057 3211 nostri
1080 3146 1264 3227 dulcissimi,

269 3254 343 3319 Iesu
359 3251 487 3334 Christi,
504 3251 557 3334 qui
574 3260 621 3317 est
636 3252 701 3332 lux,
719 3251 864 3317 doctrina
879 3259 910 3318 et
925 3253 992 3318 vita
1006 3262 1124 3322 nostra.
1151 3258 1264 3323 Amen.

268 3363 403 3445 Verum,
436 3383 456 3427 a
484 3380 682 3444 quocumque
712 3361 852 3442 dicatur,
882 3363 1044 3447 aSpiritu
1073 3375 1183 3433 sancto
1207 3374 1264 3434 est.

267 3473 385 3556 Incipit
407 3472 488 3539 liber
509 3471 695 3536 monarchie
718 3470 824 3536 dantis
847 3472 990 3539 alicherii
1011 3473 1181 3542 florentini.
1215 3479 1265 3543 In·

268 3582 345 3666 cipit
367 3582 551 3666 prologus.“

608 3696 810 3705 ——-—

230 3839 278 3902 Dc
300 3838 478 3920 fragmento
501 3836 628 3920 codicis,
657 3840 785 3904 sacculo
808 3839 927 3904 XVIII.
964 3839 1086 3923 scripti,
1117 3841 1202 3924 quod
1232 3843 1264 3907 in

146 3946 340 4014 bibliotheca
362 3946 659 4029 Magliabeccbiana
681 3956 834 4028 seruatur,
859 3948 997 4014 diximus
1019 3970 1116 4033 supra
1137 3973 1168 4035 p.
1188 3952 1264 4017 XX.

215 4139 234 4202 ¹)
252 4136 549 4208 Dante-Forschungcn
566 4157 592 4208 p.
611 4144 660 4192 473
679 4155 719 4208 sq.
