2940 4808
458 340 592 395 DANTIS
610 340 830 396 MONARGHIA
847 341 894 397 III.
914 341 943 396 O.
963 346 986 395 3.
1237 337 1277 398 91

158 512 263 578 Deum
285 512 369 578 velle
392 510 478 592 quod
491 532 555 578 non
577 514 652 579 vult.
689 511 898 578 Verissimum
913 518 960 578 est
982 512 1078 593 igitur
1098 511 1180 578 illud
1193 511 1277 595 prin-

159 613 290 699 cipium,
314 634 354 680 ex
377 612 467 696 cujus
490 613 732 680 contradictorio
756 620 821 678 tam
843 611 982 679 absurda
1004 619 1185 696 sequuntur.

618 787 740 860 [sarar
762 787 821 861 rm]

242 900 280 964 In
301 897 444 982 introitu,
474 898 517 964 ad
539 902 758 982 quaestionem
780 902 862 968 hanc
883 906 995 969 notare
1019 905 1162 987 oportet,
1193 902 1279 984 quod

156 1002 310 1085 primae
334 1001 528 1082 quaestionis
543 1004 663 1069 veritas
678 1003 780 1084 magis
802 1002 1038 1069 manifestanda
1053 1001 1112 1068 fuit
1131 1002 1173 1068 ad
1188 1002 1276 1085 igno-

157 1103 294 1168 rantiam
316 1103 508 1187 tollendam,
532 1124 628 1186 quam
650 1103 693 1169 ad
714 1104 890 1171 tollendum
914 1104 1059 1188 litigium.
1105 1104 1171 1172 Sed
1193 1125 1276 1188 quae

156 1204 217 1270 fuit
237 1203 440 1270 secundae
463 1206 658 1288 quaestionis
682 1206 842 1291 quaestio,
866 1207 1042 1289 aequaliter
1064 1206 1107 1272 ad
1128 1207 1274 1289 ignoran-

155 1305 235 1370 tiam
258 1310 289 1372 et
311 1305 447 1386 litigium
470 1327 503 1374 se
525 1308 631 1376 habet.
669 1309 770 1376 Multa
792 1309 917 1375 etenim*
931 1309 1121 1393 ignoramus,
1146 1309 1186 1375 de
1209 1307 1309 1390 qui-⁵

156 1408 215 1473 bus
229 1427 294 1473 non
308 1398 484 1492 litigamus;
507 1429 582 1474 nam
597 1414 761 1491 geometra
776 1410 885 1477 circuli
900 1411 1126 1493 quadraturam
1140 1410 1277 1494 ignorat,

154 1529 220 1575 non
241 1514 348 1575 tamen
378 1509 418 1576 de
446 1509 518 1594 ipsa
544 1511 664 1595 litigat;
695 1512 863 1594 theologus
886 1532 961 1578 vero
987 1533 1151 1580 numerum
1172 1512 1276 1596 Ange-

182 1643 206 1676 ³⁸
222 1642 256 1695 A.
272 1642 306 1698 L.
325 1649 352 1697 et
369 1644 429 1700 edd.
449 1645 533 1715 iqitur
550 1650 639 1700 est-
656 1644 688 1698 F.
808 1649 835 1698 et
852 1644 890 1698 lit.
909 1661 938 1699 se
959 1644 1065 1702 lubeat.
1080 1677 1111 1687 -
1129 1646 1162 1700 L.
1185 1651 1213 1700 et
1236 1643 1275 1698 Μ.

223 1743 289 1798 erqo
306 1732 347 1780 est
808 1731 975 1800 quaestionis
991 1747 1062 1801 quae
1072 1731 1114 1798 (L.
1135 1747 1187 1801 .q.,
1206 1729 1278 1799 quod

182 1813 206 1846 ³⁷
223 1813 256 1865 A.
275 1811 305 1866 P.
325 1812 357 1866 V.
382 1818 410 1867 et
434 1813 493 1868 edd.
519 1814 620 1883 antiqu.
643 1814 689 1869 ab·
810 1820 838 1869 et
855 1813 1005 1883 scripturae
1022 1816 1210 1885 compendium
1227 1830 1277 1885 pro

222 1897 308 1951 surrla
325 1903 480 1966 sequentur.

156 1980 221 2050 Cap.
241 1981 288 2035 llI.
330 1983 342 2015 ²
358 1982 391 2037 L.
409 1982 447 2035 M.
467 1982 542 2052 quod
552 1983 688 2054 propriae

222 2069 398 2137 perorationis,

238 2151 276 2205 M.
295 2151 499 2221 manifestanda
523 2152 559 2205 sit
581 2151 618 2205 ad
635 2152 690 2222 iqu.

197 2235 217 2301 ⁸,
236 2237 247 2268 ⁴
264 2236 301 2288 M.
320 2235 473 2291 Secundum
492 2237 566 2306 quod
581 2236 640 2306 suit
656 2265 691 2274 —

220 2321 253 2374 A.
273 2326 300 2374 et
318 2321 375 2375 edd
389 2324 452 2375 vett.
467 2319 523 2375 Seri
539 2320 613 2391 quorl
630 2320 689 2390 fuit

222 2436 253 2445 —
264 2405 364 2461 Fratic.
379 2405 436 2460 Sed
446 2404 497 2460 loc
513 2407 577 2475 fuit.
588 2435 622 2444 -
634 2405 690 2459 No-

220 2489 326 2545 biscum
343 2490 447 2545 faciunt
465 2490 496 2544 F.
514 2490 547 2542 H.
566 2490 597 2543 L.
616 2489 645 2543 P.
655 2490 687 2543 V.

808 1900 930 1969 quaestio
948 1914 1006 1954 esse
1024 1904 1123 1970 potest)
1141 1899 1278 1970 equaliter

807 1983 845 2038 acl
853 1985 909 2054 iqu.
920 1990 947 2037 et
956 1982 993 2036 lit.
1001 1997 1030 2035 se
1039 1982 1137 2038 lateat
1147 1983 1239 2053 (Magl.
1249 2001 1278 2039 se

810 2066 918 2134 labent)
929 2098 961 2107 —
971 2067 1005 2120 H.
1017 2066 1082 2120 atV.
1101 2069 1276 2138 quaestionis,

810 2168 896 2222 quare
920 2156 946 2205 et
972 2153 1140 2222 qualiter...
1176 2153 1207 2206 In
1234 2153 1289 2207 se·'

810 2237 953 2305 quentibus
971 2238 1004 2290 V.
1025 2237 1124 2292 omittit
1136 2241 1163 2291 et
1176 2267 1210 2276 -
1219 2236 1276 2292 Nos

810 2321 916 2389 quidem
928 2322 1046 2391 vestigiis
1062 2322 1184 2377 codicum
1201 2322 1233 2375 F.
1245 2325 1275 2375 L.

809 2407 846 2460 M.
865 2407 896 2461 P.
915 2423 987 2462 nunc
1006 2407 1184 2474 inhaerentes,
1203 2406 1275 2464 Fici·

810 2508 927 2560 numque
951 2491 1002 2557 (Ea
1030 2493 1115 2546 uerita
1140 2491 1213 2546 della
1237 2507 1278 2545 se-

196 2575 215 2642 ⁴‚
233 2577 243 2608 ⁵
260 2575 292 2628 In
303 2574 357 2629 hoc
375 2575 444 2642 loco,
463 2575 530 2629 satis
552 2574 688 2643 impedito,

220 2659 332 2714 mirifice
353 2660 459 2714 variant
483 2666 583 2714 textus.
619 2659 688 2713 Edd.

221 2743 386 2814 antiquiores
404 2743 442 2797 ita
461 2744 574 2798 habent:
606 2760 688 2813 quae-

220 2831 328 2895 stionis,
358 2828 493 2899 quomodo
517 2834 544 2882 et
570 2828 688 2898 qualiter

220 2913 258 2968 ad
274 2914 456 2985 iquorautiaru
479 2918 505 2967 et
527 2913 642 2984 litiqium
659 2929 689 2966 se

220 2998 325 3054 lrabeat.
352 2998 505 3052 Concordat
520 2999 688 3052 Ambros—

221 3083 339 3147 Fratic.,
359 3082 571 3138 emendationem
591 3083 654 3136 olim
671 3097 688 3136 a

221 3167 299 3223 nobis
338 3168 505 3236 propositam
548 3171 686 3237 sequutus,

222 3253 399 3322 quaestionis,
428 3257 459 3305 ut
493 3252 626 3322 quomodo
662 3256 688 3305 et

223 3337 295 3406 qual.
320 3335 357 3390 ad
380 3338 467 3407 iqrror.
493 3338 531 3390 ita
560 3337 598 3391 arl
620 3336 687 3407 litiq.

221 3437 250 3478 se
267 3419 372 3486 lrabeat,
391 3420 550 3488 quodhodie
568 3421 689 3490 nonpla-

223 3510 273 3560 cet.
284 3535 317 3545 -
328 3504 385 3560 Fel.
396 3512 423 3560 et
435 3505 493 3560 Pal.
513 3507 688 3577 quaestionis,

221 3591 343 3660 quaestio
362 3596 388 3643 et
406 3591 523 3660 qualiter
544 3590 582 3644 ad
598 3592 686 3661 iqnor.

811 2577 898 2632 conda
916 2578 1050 2647 quistione
1066 2577 1101 2647 fu
1114 2592 1169 2646 per
1187 2575 1276 2630 leuare

811 2662 981 2732 l’iquorauea
991 2677 1006 2714 e
1015 2661 1037 2715 il
1047 2661 1144 2732 litiqio)
1155 2661 1277 2730 proxime

810 2745 931 2814 sequuti,
956 2749 1059 2800 textum
1085 2760 1155 2798 nova
1172 2745 1276 2801 ratione

810 2827 951 2882 emendare
969 2844 1061 2883 sumus
1080 2829 1178 2883 conati.

785 2913 846 2966 ὅΗ.
865 2911 954 2966 Multa
971 2915 1041 2966 enim
1064 2913 1151 2983 iquor.
1177 2944 1211 2952 —
1236 2913 1274 2968 M.

807 2995 897 3052 Multa
914 2999 995 3051 etiarn
1014 2999 1069 3069 iqu.

782 3081 878 3135 ⁸Edd.
899 3082 981 3150 antiq.
1001 3099 1064 3136 nam
1081 3081 1230 3153 qeometria

781 3166 840 3219 ⁷F.
869 3166 903 3219 rle
929 3182 961 3221 eu
992 3168 1082 3240 litiqat
1116 3197 1148 3206 —
1184 3165 1213 3219 P.
1242 3165 1276 3220 ale

805 3268 891 3323 opera
909 3251 947 3305 lit.

824 3336 894 3389 Edd.
924 3337 1006 3404 antiq.
1035 3334 1114 3391 tlteoi.
1148 3351 1211 3391 uero
1242 3333 1276 3388 de

807 3437 918 3476 numero
928 3421 1094 3492 Arrqelorum
1109 3450 1142 3459 -
1153 3419 1183 3473 V.
1195 3416 1274 3473 tlreol.

808 3501 871 3559 uero
900 3513 1028 3560 naturam
1050 3505 1216 3576 Arrqeloruur
1245 3534 1274 3544 -

807 3590 949 3658 Sequimur
967 3590 1083 3658 reliquos
1102 3587 1178 3642 codd.

222 3725 296 3794 Gap.
314 3724 374 3779 111.
410 3727 421 3758 ²
439 3726 530 3780 Prima
539 3725 726 3793 quaestionum
744 3739 775 3777 ca
796 3725 932 3780 ,secundo
950 3724 1013 3778 libri
1030 3724 1050 3776 I.
1074 3721 1274 3790 propositarum

154 3798 224 3861 erat,
243 3809 278 3848 an
295 3793 456 3849 Monarchia
474 3793 509 3847 ad
533 3794 600 3847 bene
623 3807 682 3846 esse
706 3807 769 3845 mun

108 3871 111 3876 “
154 3862 189 3916 ad
205 3861 384 3931 ignorantiam
401 3861 547 3917 tollendam
565 3859 781 3929 respondendum
795 3859 892 3926 fnisse,
918 3860 983 3914 dicit
1010 3864 1113 3913 auctor.
1148 3857 1274 3912 Secunda

771 3741 969 3848 dineccssaria
988 3793 1029 3846 sit.
1059 3791 1129 3844 Huic
1148 3805 1202 3844 non
1221 3790 1274 3844 nisi

154 3937 212 3984 erat
230 3929 366 3999 quaestio,
393 3945 427 3984 an
452 3929 590 3982 Romanus
614 3929 730 3997 populus
748 3927 924 3982 Monarchiae
949 3926 1067 3981 officium
1092 3926 1125 3980 de
1146 3926 1205 3979 iure
1222 3925 1274 3980 sibi

154 3998 312 4053 adsciverit:
331 3997 523 4067 veritatemque
541 3997 614 4054 circa
631 4012 705 4060 eam,
724 4001 780 4048 tam
797 3996 832 4049 ad
848 3996 1040 4064 ignorantiam,
1070 4009 1150 4062 quam
1168 3994 1202 4047 ad
1219 3993 1273 4047 liti-

179 4083 224 4120 um
243 4082 271 4120 se
288 4066 401 4131 habere,
420 4066 525 4120 asserit.
570 4065 660 4119 Tertio
686 4065 845 4131 quaerebat,
870 4080 905 4117 an
930 4064 1079 4117 auctoritas
1097 4062 1273 4116 Monarchiae

186 4135 303 4204 pendeat
319 4150 336 4187 a
353 4132 411 4188 Deo
429 4133 588 4199 immediate,
606 4134 648 4187 rel
667 4133 701 4186 ab
719 4133 808 4199 aliquo
819 4131 869 4185 Dei
886 4131 1021 4197 ministr03
1041 4131 1119 4198 cujus
1138 4130 1273 4197 quaestio·

151 4203 207 4268 nis,
226 4203 278 4256 hoc
295 4203 323 4255 in
339 4201 407 4256 libro
425 4202 597 4269 tractandae,
617 4200 755 4256 ueritatem
773 4200 854 4254 talem
873 4214 932 4253 ease
950 4198 996 4264 ait,
1014 4205 1045 4253 ut
1065 4200 1092 4252 in
1111 4213 1142 4252 ea
1159 4197 1274 4266 litigium

153 4286 235 4326 causa
253 4271 288 4325 sit
304 4270 480 4338 ignorantiae.
