2940 4808
256 312 314 374 106
545 314 681 370 DANTIS
698 314 919 372 MONAROHIA
935 316 982 371 III.
1001 316 1031 372 C.
1047 314 1073 372 ’6.

252 487 382 556 Domini
405 509 606 572 expressum,
636 489 696 556 hoc
721 488 805 555 fecit.
856 487 949 568 Quod
975 495 1080 573 patet,
1111 489 1187 571 quia
1215 489 1376 574 quidquid

205 607 235 656 15
253 591 342 657 Deus
364 589 460 673 dixit,
483 589 544 657 hoo
565 589 640 656 fecit
663 591 790 673 solum,.
805 595 837 655 et
858 590 919 656 hoo
940 591 1056 658 retulit.

336 691 429 759 Unde
451 692 623 775 sciendum,
647 690 733 773 quod
755 690 844 757 aliud
866 696 915 757 est
937 712 1009 759 esse
1032 693 1195 777 vicarium,
1218 694 1310 760 aliud
1325 700 1375 761 est

251 815 321 863 esse
342 794 489 860 nuncium
511 794 580 860 sive
602 793 794 876 ministrum3
819 793 900 859 sicut
921 793 1010 860 aliud
1032 802 1080 861 est
1103 815 1173 861 esse
1197 794 1373 880 doctorem,

253 895 341 962 aliud
364 901 411 963 est
434 915 503 961 esse
526 895 738 980 interpretem.
783 897 867 961 Nam
896 895 1076 962 vicarius
1105 901 1167 979 est,
1198 897 1248 963 cui
1274 897 1373 983 juris-

251 998 347 1065 dictio
371 1018 441 1063 cum
463 998 534 1078 lege
550 997 603 1064 vel
619 1018 689 1062 cum
712 998 842 1064 arbitrio
859 998 1028 1063 commissu
1051 1003 1112 1080 est;
1138 1002 1170 1063 et
1191 997 1264 1065 ideo
1288 1000 1374 1065 intra

201 1113 233 1164 ro
251 1101 402 1167 terminos
428 1099 659 1184 jurisdictionis
688 1100 874 1166 commissae
904 1098 944 1165 de
977 1099 1050 1179 lege
1078 1100 1131 1165 vel
1167 1098 1207 1165 de
1237 1100 1374 1168 arbitrio

250 1207 355 1287 potest
383 1219 479 1283 agere
508 1201 591 1266 circu
619 1202 756 1285 aliquid,
791 1200 876 1284 quod
906 1200 1052 1267 dominus
1081 1201 1208 1268 omnino
1233 1202 1372 1284 ignorat.

248 1304 428 1370 Nunnius
451 1307 558 1369 autem
580 1324 643 1369 non
657 1309 771 1387 potest,
794 1304 994 1384 inquantum
1009 1303 1155 1387 nuncius;
1183 1303 1242 1370 sed
1259 1323 1372 1386 quem-

249 1404 422 1472 admodum
458 1406 593 1471 malleus
627 1405 661 1469 in
696 1405 766 1471 solu
801 1404 916 1471 uirtute
946 1405 1029 1471 fabri
1064 1412 1225 1491 operatur,
1259 1405 1308 1472 sic
1339 1411 1374 1473 et

249 1509 381 1574 nuncius
408 1507 442 1571 in
470 1508 539 1573 solo
562 1507 692 1573 arbitrio
716 1507 799 1592 ejus,
831 1508 885 1590 qui
913 1507 1010 1572 mittit
1031 1507 1130 1572 illum.
1175 1507 1249 1573 Non
1272 1507 1373 1588 igitur

199 1625 230 1676 25
250 1609 404 1691 sequitur,
434 1608 462 1674 si
489 1610 577 1674 Deus
605 1630 663 1693 per
689 1610 837 1674 nuncium
867 1609 1048 1676 Samuelem
1078 1608 1153 1675 fecit
1175 1609 1250 1693 hoe,
1284 1608 1373 1691 quod

249 1710 384 1775 vicarius
400 1710 462 1776 Dei
484 1710 545 1776 hoc
567 1711 672 1777 facere
686 1711 796 1795 possit.
833 1712 935 1776 Multa
951 1711 1034 1776 enim
1049 1712 1138 1776 Deus
1152 1729 1210 1794 per
1224 1710 1371 1792 Angelos

248 1811 337 1896 fecit,
361 1815 393 1878 et
415 1811 490 1876 fucit
512 1817 545 1877 et
565 1811 704 1878 facturus
727 1818 791 1895 est,
815 1832 897 1895 quae
919 1813 1057 1878 vicarius
1080 1813 1157 1897 Dei,
1187 1811 1277 1878 Petri
1300 1807 1369 1878 suc-

249 1933 368 1998 cessor,
391 1914 497 1979 iacere
518 1933 581 1979 non
602 1918 719 1999 posset.

330 2014 425 2082 Unde
447 2020 667 2096 argumentum
694 2015 826 2081 istorum
856 2021 904 2083 est
925 2037 945 2081 u
970 2020 1037 2083 toto
1061 2015 1103 2080 ud
1124 2020 1262 2100 partem,
1296 2036 1369 2083 con-

276 2252 296 2283 ¹⁴
312 2251 346 2304 V.
365 2250 418 2305 Dei
433 2250 678 2320 expressum-H.
695 2251 780 2305 eDeo
858 2253 881 2285 ²⁴
899 2252 930 2305 F.
948 2251 1024 2306 H.L.
1036 2252 1107 2307 ΡΝ.
1120 2249 1270 2319 -Reliqui
1287 2268 1369 2308 rinno.

313 2351 472 2407 expressum
899 2334 958 2388 solo
975 2334 1088 2390 arbitrio

330 2420 369 2473 M.
387 2424 474 2491 potet,
499 2419 575 2489 quod
599 2419 730 2488 quiequid
747 2450 779 2458 —
915 2418 947 2472 F.
965 2419 1000 2472 H.
1019 2418 1083 2473 Non
1100 2436 1166 2491 erqo

312 2505 344 2558 F.
362 2504 394 2558 V.
408 2508 496 2576 pelet,
514 2503 646 2573 quiequid
856 2504 880 2538 ²⁶
897 2503 934 2556 M.
954 2506 1004 2559 ltoe
1020 2504 1116 2574 fucere
1127 2510 1224 2575 posset
1248 2536 1279 2546 -
1298 2505 1370 2561 Edd.

274 2591 295 2624 ¹⁷
312 2590 346 2643 Η.
365 2591 479 2644 ministr.
498 2590 538 2643 sie
555 2588 632 2642 alind
648 2595 688 2642 esi
898 2587 950 2643 boe
979 2589 1076 2658 fecere
1106 2592 1199 2660 possit
1234 2591 1370 2645 similiter.

274 2676 294 2709 ¹⁸
308 2677 339 2730 P.
358 2691 416 2729 esse
432 2672 703 2744 interemptem-F.
722 2689 779 2728 esse
897 2673 1024 2728 Ultimum
1049 2689 1143 2729 vocem
1174 2689 1260 2744 neque
1288 2675 1368 2730 codd.

311 2763 529 2830 interemptorem
557 2790 590 2798 -
616 2759 649 2812 ln
674 2757 777 2812 Veneto
897 2763 1060 2826 agnoscunt,
1079 2773 1166 2828 neque
1183 2759 1305 2814 Ficinus.

311 2845 408 2913 legitur
430 2860 479 2912 per
505 2844 697 2898 correctionem
721 2859 779 2897 esse
855 2843 879 2876 ²⁸
894 2843 990 2912 secere
1007 2860 1063 2897 non
1074 2849 1182 2914 potest,
1201 2843 1274 2913 quod
1292 2845 1368 2899 exhi-

311 2931 492 3001 interpretem‚
517 2927 583 2998 quid
605 2944 667 2983 vero
692 2929 778 2995 prims
897 2927 961 2982 bent
979 2929 1091 2983 Turrius
1109 2934 1137 2984 et
1153 2930 1264 2996 Frutic,
1284 2932 1369 2987 habet

311 3030 392 3068 manu
411 3015 540 3083 scriptum
555 3012 644 3079 fuerit,
658 3013 777 3068 divinare
896 3012 934 3066 Μ.
950 3015 978 3067 et
994 3013 1368 3083 habuisseridetanicinus‚

310 3116 365 3155 non
383 3099 466 3167 potui.
896 3097 1015 3166 nihilque
1029 3097 1140 3166 impedit
1156 3100 1299 3168 quominus
1317 3103 1368 3156 sb-

272 3184 294 3216 ¹⁹
310 3183 341 3236 F.
360 3200 420 3238 enm
440 3183 498 3253 lene
515 3183 559 3238 uel
575 3183 688 3237 arbitrio
896 3180 1089 3236 breviationem
1124 3184 1224 3240 codicis
1260 3185 1294 3239 H.
1327 3186 1370 3241 ite

269 3268 292 3301 ²²
310 3268 342 3321 F.
368 3268 398 3321 P.
426 3285 508 3337 onere
535 3273 632 3322 contra
662 3267 776 3338 aliquid,
896 3266 1112 3335 interpretemur.
1154 3268 1368 3326 Praeferendsm

311 3353 383 3421 quod
400 3356 427 3406 et
438 3352 471 3405 V.
484 3352 546 3407 olim
564 3352 692 3407 habuisse
704 3351 775 3406 ride·
895 3355 985 3404 tamen
1020 3351 1180 3407 credidimus
1221 3354 1369 3411 lectionem

309 3442 355 3490 tur
371 3468 406 3476 -
422 3438 455 3491 A.
474 3453 556 3507 aqere
573 3437 679 3506 aliquid
895 3436 1004 3503 reliquis
1031 3437 1168 3492 codicibus
1191 3438 1367 3508 antiquisque

268 3524 291 3556 ²³
308 3524 341 3576 A.
350 3522 384 3577 V.
403 3526 542 3592 operetur,
559 3523 600 3575 sic
614 3523 730 3576 renneius
743 3552 775 3562 -
896 3521 970 3576 editt.
990 3537 1166 3576 communem.

309 3608 341 3661 F.
360 3625 403 3678 op.
421 3608 461 3661 sie
478 3607 558 3659 etiem
576 3622 655 3660 nrene.
853 3606 877 3641 ²⁹
894 3606 926 3658 F.
945 3607 1036 3660 eride
1054 3612 1109 3661 toto

313 3813 334 3845 ¹⁸
351 3811 452 3866 Similia
473 3811 599 3879 leguntur
624 3809 652 3862 in
676 3808 801 3865 Glossu
829 3808 1015 3865 ordinaris
1036 3811 1184 3865 Burrenum
1200 3812 1364 3870 Pmuuusrs

242 3881 277 3936 ad
299 3880 455 3935 Decretcles
478 3878 598 3958 Gregorii
622 3877 669 3958 IX:
696 3877 755 3933 Lib.
773 3879 795 3931 Ι.
819 3876 873 3931 Tit.
887 3882 932 3958 iit.
957 3893 1016 3946 esp.
1029 3885 1058 3959 b.
1103 3879 1248 3962 2‚Vicarius
1272 3882 1365 3938 omnis

241 3951 587 4073 gotleztgaqfflurlelnfflntcnt
604 3946 638 4001 ad
652 3945 868 4014 Junsdretronem
886 3946 972 4012 ribus,
992 3962 1070 4016 quns
1088 3963 1173 4003 ricem
1190 3952 1288 4017 gerit.“

545 4100 585 4154 Lo
603 4105 673 4153 neoto
692 4115 707 4152 e
724 4099 751 4154 ln
769 4099 841 4152 virini
858 4098 904 4153 dei
919 4101 992 4154 santi
1007 4102 1075 4171 μένε’,

496 4167 573 4222 Com
591 4168 639 4221 dal
654 4168 755 4238 fnbbro
773 4167 849 4221 iarte
866 4167 912 4221 dei
927 4169 1065 4233 martello,

493 4235 550 4290 Dei
566 4235 638 4289 beati
654 4240 741 4290 nector
759 4237 871 4290 cervien
888 4234 938 4290 ebe
953 4237 1030 4307 spiri.
