2940 4808
151 299 240 356 LXVI
533 300 742 356 EDITIONUM
760 301 897 358 suellos.

243 502 332 562 1740.
366 497 575 564 (lmnvmunz

657 608 773 675 Dantis

634 719 792 801 Aligherii

624 828 801 894 Florentini

618 938 812 1004 Monarohia

558 1049 701 1131 [Signum
730 1051 867 1132 typogrl

515 1158 669 1225 Coloniae
691 1158 909 1241 Allobrogum,

398 1269 495 1351 Apud
516 1269 614 1335 Hem.
636 1269 758 1334 Albert.
782 1268 883 1335 Gosse
905 1267 1026 1334 &Soa

618 1376 805 1443 MDOOXL.

153 1521 283 1605 Octavo,
307 1528 431 1588 eonstat
453 1523 580 1606 paginis
603 1527 653 1589 95.
698 1521 845 1588 Diximus
867 1521 996 1605 quidem
1024 1541 1056 1604 p.
1085 1517 1139 1585 VI.
1174 1518 1274 1602 vulgo

154 1631 324 1716 perhiberi,
356 1632 440 1699 hane
473 1632 645 1700 editionem
681 1632 810 1698 nomine
842 1639 967 1697 tantum
999 1629 1175 1712 Ginevrae,
1215 1628 1274 1695 sed

152 1763 186 1808 re
219 1744 292 1826 ipsa
320 1742 462 1808 Venetiis
493 1744 597 1809 luoem
626 1742 764 1824 vidisse,
800 1740 975 1807 notandum
1010 1747 1131 1824 tamen,
1166 1739 1273 1807 edito-

151 1872 218 1918 rem
241 1852 347 1936 operis
369 1852 567 1918 Vernaniani
600 1851 653 1935 (ol.
675 1874 707 1936 p.
729 1850 792 1937 L.),
816 1851 900 1934 quod
930 1850 1047 1934 prodiit
1068 1871 1153 1918 anno
1178 1855 1271 1935 1746,

151 1963 267 2027 librum
289 1962 381 2046 prelo
397 1962 571 2028 Ginevrino
593 1964 705 2028 merito
728 1961 867 2028 adsoribi
885 1961 1059 2045 jndioasse.
1107 1962 1159 2026 Ita
1185 1962 1272 2028 enim

152 2074 183 2138 in
213 2073 429 2156 praefatione:
472 2072 623 2155 „Prodiit
658 2093 743 2138 anno
783 2076 863 2137 1740
887 2070 1039 2137 Coloniae
1061 2071 1271 2154 Allobrogum

152 2183 267 2250 Dantis
294 2182 451 2265 Aligherii
480 2183 600 2249 Poetae
627 2181 804 2249 Florentini
837 2183 887 2248 De
915 2181 1102 2247 Monarohia
1129 2179 1273 2265 Opuseu-

151 2295 227 2374 lum,
260 2291 346 2376 quod
367 2299 511 2376 tempore
532 2293 687 2359 Ludoviei
709 2292 827 2358 Bavari
851 2293 978 2376 scripsit
1009 2291 1164 2358 adversus
1186 2293 1272 2377 Apo·

151 2403 295 2470 stolioam
324 2401 457 2485 Sedem,
489 2408 581 2468 aestu
616 2403 715 2468 animi
747 2423 827 2468 sane
859 2402 1065 2486 perturbati.
1089 2449 1097 2466 .
1121 2409 1184 2467 .et
1213 2424 1271 2486 pro

152 2534 239 2581 more
259 2512 347 2578 illius
368 2511 475 2577 Seeuli
496 2512 581 2596 stylo
603 2513 701 2594 plane
723 2513 869 2595 barbaro,
892 2532 931 2578 ae
953 2511 1118 2577 lutulento.
1155 2512 1271 2579 Novae

150 2626 237 2691 illius
270 2621 419 2690 editionis
450 2621 617 2687 eonsilium
646 2630 678 2689 et
706 2643 835 2690 eausam
857 2622 884 2688 si
906 2642 1056 2705 quaeras,
1081 2641 1121 2688 ex
1143 2620 1271 2689 oifieina

150 2737 221 2818 ipsa
242 2732 327 2799 unde
349 2732 445 2797 Liber
467 2733 604 2814 emersit,
633 2733 728 2800 iaeile
749 2732 1018 2816 interpretaberis.
1062 2733 1272 2816 Exemplaria

149 2844 226 2910 inde
248 2846 341 2928 plura
361 2843 395 2908 in
417 2842 543 2907 Italiam
564 2849 762 2922 transvecta,
793 2850 825 2910 et
846 2862 1085 2925 quaquaversus
1102 2863 1217 2926 sparsa
1239 2850 1271 2909 et

150 2955 311 3035 distraeta,
333 2951 580 3035 avidissimeque
601 2974 622 3019 a
642 2952 807 3019 nonnullis
829 2960 964 3037 excepta
985 2952 1081 3019 sunt“
1107 2959 1166 3018 eto.

238 3091 329 3154 1758.
360 3089 496 3152 anunu
525 3087 629 3170 prima
657 3088 771 3166 editio,
805 3088 838 3153 in
867 3088 1009 3155 seeunda
1037 3095 1128 3171 parte
1165 3091 1270 3172 quarti

149 3198 321 3264 voluminis
349 3195 488 3281 Operum
517 3198 647 3282 Dentis,
686 3197 771 3281 quod
804 3198 922 3281 prodiit
945 3199 1087 3265 Venetiis
1117 3202 1198 3265 1758
1236 3201 1270 3266 in

149 3310 251 3374 forma
278 3307 531 3390 quadruplicata.
582 3307 689 3373 Editio
712 3308 894 3373 LXXXIV.
923 3307 1066 3393 paginis,
1095 3310 1269 3392 separatim

149 3416 338 3500 numeratis,
361 3424 521 3500 eonstans,
551 3415 663 3484 ordine
685 3416 813 3500 quidem
836 3424 885 3485 est
906 3419 1052 3502 septima,
1076 3419 1144 3500 sed,
1167 3421 1270 3486 altero

149 3536 222 3615 post
238 3527 415 3611 prinoipem
433 3526 561 3593 saeoulo
575 3527 645 3611 jam
659 3526 726 3595 iere
738 3528 967 3613 praeterlapso,
991 3528 1094 3612 prima
1116 3530 1268 3613 omnium,

149 3658 232 3722 quae
260 3637 411 3720 initalia
439 3637 541 3703 lueem
565 3636 729 3718 viderunt,
759 3638 813 3705 vel
835 3645 919 3705 uerte
940 3638 1088 3705 Italieam
1110 3639 1267 3723 originem

150 3748 345 3833 profitentur.
387 3745 558 3828 Praefatio,
587 3747 614 3813 si
636 3747 829 3815 leviusculas
851 3750 1052 3828 mutationes,
1082 3749 1177 3815 finem
1199 3771 1269 3817 ver-

149 3879 203 3925 sus
223 3859 339 3937 laetas,
368 3857 547 3939 exoeperis,
577 3857 691 3924 eadem
718 3865 767 3924 est
795 3878 877 3942 qnae
898 3859 1111 3942 praemittitur
1133 3860 1269 3926 editioni

151 3969 355 4035 Ginevrinae.

234 4077 350 4144 Confer
378 4097 460 4160 quae
490 4078 530 4145 de
558 4077 641 4144 ouris
663 4078 791 4161 Zattae,
821 4079 855 4143 in
884 4079 968 4144 hane
996 4078 1169 4145 editionem
1195 4099 1268 4144 eon·

149 4187 251 4254 versis
274 4185 411 4254 diximus
433 4209 464 4271 p.
488 4188 561 4253 VII.
584 4194 616 4253 et
638 4188 725 4253 VllI.
