2940 4808
153 316 205 370 XX
567 314 855 371 Psonuuommta.

152 516 313 585 accessus
332 516 448 588 neque,
465 493 499 562 in
516 502 672 588 quantum
690 490 850 582 dicebant,
867 493 894 562 is
913 501 986 562 ante
1004 491 1149 562 triduum
1162 499 1274 584 posset

155 621 329 691 removeri.
375 620 441 691 Sed
460 643 502 690 ne
521 621 553 690 in
575 621 624 691 his
651 620 794 715 quidem,
820 642 901 715 quae
928 619 997 714 ipse
1024 618 1175 713 expedire
1203 641 1271 687 non

153 748 262 842 potui,
295 748 500 843 paucissimis
534 748 631 838 lociS,
665 771 717 817 me
752 747 911 818 incertum
941 768 1074 816 manere
1101 768 1194 840 passa
1221 755 1274 815 est

153 874 270 969 Bongii
299 875 501 965 humanitas,
534 874 704 970 repetitas,
741 873 795 944 uti
823 873 1073 962 haesitaveram,
1107 895 1201 943 curas
1236 873 1272 943 in

154 1002 299 1074 codicem
328 1002 537 1074 conferentis.

255 1127 292 1199 ln
331 1129 504 1200 collatione
539 1129 691 1200 codicum
726 1140 790 1199 tam
819 1127 981 1200 Manciam
1017 1151 1113 1223 quam
1142 1130 1272 1200 Anauo-

154 1280 239 1328 srmu
273 1280 371 1327 ame
406 1258 476 1353 ipso
504 1256 650 1328 instituta
691 1257 822 1352 egregie
856 1280 909 1327 me
942 1253 1063 1349 adjuvit
1096 1256 1273 1328 liberalitas

153 1383 340 1479 praesulum
361 1384 529 1480 utriusque
547 1383 771 1474 bibliothecae,
789 1383 933 1454 virorum
954 1383 1128 1454 illustrium
1145 1383 1274 1455 Vaccu-

153 1534 283 1583 rmnnm
310 1522 342 1580 et
368 1510 515 1582 Gnatam.
1176 1507 1177 1510 '

256 1638 382 1722 Quanta
410 1637 507 1709 luerit
534 1637 700 1732 diligentia
728 1638 859 1709 doctiss.
887 1635 1072 1709 Rmuuonm
1091 1637 1275 1729 Romanum,

149 1763 218 1858 jam
245 1764 468 1856 Vimariensis,
500 1765 534 1838 in
563 1766 762 1836 conferendo
791 1765 901 1836 codice
929 1744 1300 1838 Victorino-Panarmo'

149 1889 217 1985 jam
246 1893 493 1987 supradictum
521 1902 580 1963 cst.
626 1892 738 1988 Neque
767 1894 885 1964 minori
914 1893 1007 1964 laudo
1036 1893 1172 1982 dignum
1200 1917 1275 1965 esse

154 2043 272 2090 censeo
299 2018 430 2090 beatum
456 2019 529 2091 lon.
558 2017 658 2090 Baro.
686 2019 889 2111 Uomanum,
916 2018 1008 2113 cujus
1036 2043 1142 2110 curae,
1169 2044 1274 2115 quum

153 2147 187 2220 in
206 2147 469 2219 transscribendo
496 2156 584 2218 textu
611 2145 680 2217 lliv.
701 2147 897 2233 Cornoediae
924 2149 977 2243 qui
997 2147 1115 2219 dicitur
1134 2147 1274 2220 Sanctae

154 2272 269 2345 Crucis
295 2275 576 2346 accuratissimum
604 2299 639 2346 se
664 2274 921 2369 exhibuerat¹⁴)‚
946 2275 1096 2346 commisi
1120 2275 1274 2348 codicum

156 2400 382 2474 Launnuamm
410 2412 442 2473 et
459 2400 758 2474 Maeniacnccmam
788 2376 847 2492 lut.
876 2401 974 2473 XXX.
1002 2402 1062 2472 No.
1092 2401 1178 2490 239)
1207 2403 1276 2474 col·

153 2528 319 2601 lationem.
908 2519 909 2522 ¹

256 2656 370 2728 Exstat
395 2665 571 2752 praeterea,
597 2656 759 2727 referente
785 2656 913 2746 Turrio,
938 2657 1027 2728 inter
1054 2657 1162 2747 libros,
1189 2681 1274 2753 quos

156 2783 321 2856 Antonius
349 2784 594 2856 Maeniannccm
628 2784 704 2855 olim
734 2783 880 2877 collegit,
914 2783 1010 2854 etiam
1049 2784 1274 2878 fragmentum

154 2910 377 3001 monarchiae,
412 2911 542 2983 saeculo
576 2912 794 3007 praeterlapso
830 2934 931 2981 manu
968 2922 1161 3001 exaratum·
1177 2913 1274 3008 ‘quod

154 3048 285 3129 tamen,
319 3061 419 3134 quum
457 3047 640 3133 aquatuor
667 3039 706 3109 ad
741 3037 916 3108 minimum
945 3036 1143 3108 editionibus
1169 3049 1273 3109 aetate

154 3174 371 3260 superaretur,
398 3176 429 3235 et
446 3167 498 3236 vix
525 3175 646 3237 sextam
676 3165 774 3235 totins
802 3166 910 3260 operis
928 3173 1053 3259 partem
1081 3166 1275 3256 contineret,

156 3292 389 3386 negligendum
415 3293 534 3388 putavi.

612 3453 815 3462 a———n--u

232 3605 387 3676 Maximae
428 3603 572 3675 utilitatis
613 3604 651 3673 ad
690 3603 935 3699 expurgandum
973 3629 990 3673 a
1025 3604 1153 3675 mendis
1187 3628 1275 3675 ama·

155 3733 329 3804 nuensium
357 3740 481 3801 textum
509 3729 626 3826 operis
654 3730 716 3800 luit
732 3731 837 3802 versio
864 3731 968 3802 italica
995 3755 1011 3800 a
1033 3729 1192 3802 Mausmio
1220 3729 1276 3802 Fr·

156 3885 228 3933 ciuo
271 3861 355 3931 circa
389 3882 512 3931 anuum
551 3856 646 3928 1467
684 3859 728 3928 uti
764 3859 889 3929 videtur
924 3857 1086 3946 conlecta3
1132 3860 1274 3953 optimae

151 4035 362 4046 .—-—————-

242 4124 271 4186 ¹⁴)
295 4121 496 4191 Prolegomena
527 4125 563 4179 ad
590 4128 710 4178 nostram
737 4121 853 4176 Divinae
879 4122 1043 4178 Comoedias
1071 4121 1219 4176 editionem
1246 4140 1274 4193 p.

157 4215 292 4270 LXXVII.
