2940 4808
576 309 859 367 PROLEGOXENA.
1186 312 1279 368 XXIII

158 483 282 555 summi
317 484 584 557 scholasticorum
613 486 758 579 magistri
785 487 913 558 sacculo
940 486 1023 559 XIII.
1052 498 1083 558 et
1108 486 1189 558 XIV.
1218 489 1278 558 cir·

157 611 436 684 cumierebentur.
487 613 611 684 Horum
640 613 796 685 librorum
825 613 946 710 aliquot
969 613 1035 708 jem
1066 639 1103 686 ec
1132 626 1277 710 tempore

158 740 232 834 pius
252 740 353 811 semei
373 740 406 810 in
426 740 561 812 latinum
588 765 763 814 couversos
784 742 937 832 extitisse,
965 753 1039 813 ncta
1058 767 1110 814 res
1129 753 1192 831 est3
1220 742 1276 813 sed

157 877 326 938 auctorem
347 878 506 958 nostrum,
533 867 678 940 Thomae
705 869 873 965 Aquinatis
893 868 1188 960 studiosissimum,
1222 869 1276 941 ubi

156 995 412 1088 poterat‚eedcm
421 1020 482 1091 que
496 994 874 1090 iiieversioue‚maguam
884 1007 1008 1092 purtem
1021 996 1061 1068 ati
1074 996 1143 1091 ejus
1156 998 1276 1068 iustru-

157 1121 236 1192 tiem
266 1145 304 1191 ex
330 1145 446 1216 graece
474 1134 562 1194 textu
589 1125 717 1215 iactam,
745 1147 839 1196 usum
868 1149 955 1214 esse,
983 1148 1048 1196 uun
1076 1125 1182 1196 scium
1210 1125 1276 1196 veri

156 1257 209 1318 est
227 1247 443 1339 simillimum,
468 1251 525 1322 sed
553 1252 651 1322 etiam
678 1252 763 1324 iectu
791 1251 957 1347 probatur.
1001 1250 1192 1323 EThcmae
1219 1253 1277 1347 igi-

157 1385 214 1445 tur
239 1375 279 1445 ad
306 1375 514 1449 Aristotelem
544 1379 805 1469 commentariis,
832 1380 942 1473 queies
970 1402 1025 1450 ecs
1053 1379 1084 1449 in
1114 1380 1197 1451 netis
1225 1403 1275 1450 rea

154 1502 233 1594 tuli,
259 1504 323 1574 ieci
351 1503 547 1577 Aristotelici
574 1508 673 1578 sumti
701 1518 777 1579 suut
804 1484 929 1579 tentum
959 1531 1024 1579 nou
1052 1530 1183 1595 omnes3
1221 1507 1275 1579 ubi

154 1653 232 1700 vero
268 1630 329 1702 hcc
369 1632 552 1704 subsidium
587 1634 773 1726 deficiebat,
816 1635 850 1704 in
884 1658 980 1730 opem
1016 1642 1108 1705 eraut
1140 1635 1301 1706 vocandi

155 1754 375 1852 Boethiusff),
396 1758 548 1831 eilbertus
575 1759 722 1857 Magnus
747 1760 875 1858 aliique.
914 1759 1017 1832 Unius
1045 1770 1131 1833 certe
1159 1763 1276 1857 operis,

154 1881 484 1981 Metecrclcgicorum
495 1887 578 1978 dicu,
591 1887 672 1960 duas
685 1899 831 1961 nestrum
847 1888 997 1960 imbuisse
1007 1889 1173 1960 versiones
1185 1890 1275 1961 testis

153 2021 205 2082 est
232 2013 421 2085 notissimus
448 2013 592 2086 Convivii
620 2013 776 2112 iocus.¹·‘)
828 2015 959 2112 Aliquas
987 2015 1056 2110 ejus
1084 2016 1213 2111 generis
1241 2017 1275 2086 iu

152 2138 323 2211 codicibus
358 2142 587 2238 manuscriptis
624 2143 815 2238 superstites
855 2155 1003 2216 recenset
1029 2143 1201 2234 tourtam,
1235 2143 1275 2214 ad

152 2289 235 2362 quas
262 2276 371 2340 tanuen
398 2293 549 2341 accessus
577 2269 670 2342 uubis
699 2294 765 2341 uon
795 2271 909 2366 patuit.

156 2454 362 2464 --————---

241 2569 267 2632 ¹⁷)
286 2568 336 2622 Ex.
355 2583 398 2636 gr.
415 2569 451 2622 ed
468 2568 542 2623 Libr.
561 2568 581 2621 Ι.
600 2568 667 2637 Cap.
688 2574 715 2623 lt
736 2570 781 2623 liu.
800 2574 842 2635 tt,
870 2584 931 2638 cap.
951 2576 980 2623 15
999 2571 1044 2624 liu.
1063 2577 1087 2624 2.

241 2662 270 2727 ¹⁸)
288 2660 378 2716 Tract.
397 2661 432 2715 II.
450 2676 509 2730 cap.
521 2668 560 2717 15.
586 2661 699 2728 ‚‚Ouetl0
717 2661 768 2717 cicc
785 2663 925 2718 Aristote'te
941 2665 968 2719 si
983 2663 1086 2719 discsse
1103 2681 1157 2719 uon
1177 2666 1203 2719 si
1213 2666 1274 2736 puo'

153 2754 222 2811 benc
238 2770 337 2826 sapere
352 2754 383 2810 di
395 2756 447 2815 ciri,
463 2753 605 2828 perelecta
622 2771 673 2809 sua
689 2759 820 2809 seutenzc
837 2772 891 2811 nou
909 2757 936 2810 si
951 2761 1028 2811 trouu
1044 2756 1131 2812 octale
1145 2756 1209 2811 neti
1219 2773 1275 2812 uua

152 2848 337 2916 traslazt'cue,
362 2864 437 2904 come
457 2849 517 2904 cett
540 2849 639 2904 altra.“
675 2847 727 2904 Ubi
744 2848 902 2912 notandum,
922 2863 979 2902 cem
997 2847 1166 2916 versionem,
1193 2864 1274 2919 quam

153 2957 277 2998 novem
295 2941 361 2997 dicit
378 2947 483 3008 auctor,
500 2941 614 2997 eandem
632 2957 703 3003 csse,
720 2956 791 3010 quae
808 2941 836 2995 iu
854 2940 1020 2996 editionibus
1039 2956 1151 3010 operum
1162 2942 1275 2998 umo-

153 3050 216 3090 mse
233 3035 391 3091 inscribitur
408 3035 565 3104 entique,
584 3049 644 3088 eam
662 3034 773 3101 scilicet,
792 3049 873 3104 quam
890 3031 1017 3104 Aquinus
1035 3049 1068 3088 ex
1086 3035 1147 3103 ipsc
1166 3033 1274 3090 Aristo-

150 3127 215 3183 telis
238 3132 317 3183 textu
341 3143 442 3197 graeco
466 3127 524 3181 fieri
547 3131 698 3182 curaverat.
735 3126 822 3193 Quem
845 3141 912 3182 vero
936 3127 1045 3184 nomine
1064 3127 1202 3183 veteris
1220 3129 1276 3193 t‚,Ia

151 3221 262 3279 eccelsia
269 3228 295 3287 ⁸⁴)
314 3215 459 3289 significat,
476 3235 492 3275 a
510 3220 665 3276 Gercrdo
680 3220 908 3276 Cremonensi
926 3221 1037 3278 saecuto
1055 3222 1108 3276 XII
1125 3237 1159 3278 ex
1177 3220 1274 3277 Arabo

150 3315 254 3369 factam
273 3329 342 3379 esse,
360 3314 440 3385 cujus
465 3314 603 3382 specimen
627 3314 704 3369 dedit
728 3313 745 3368 J
751 3312 908 3369 ourdcin'
924 3315 1040 3385 [Scripta
1064 3313 1223 3371 Aristotelis
1247 3314 1276 3369 iu

152 3407 225 3462 med.
244 3421 321 3462 aevo.
340 3407 487 3476 Appendix
504 3407 553 3463 Nc.
573 3407 656 3472 XIV.)
675 3407 721 3461 vix
739 3406 843 3462 dubito.
