<?xml version="1.0" encoding="UTF-8"?>
<!DOCTYPE html PUBLIC "-//W3C//DTD XHTML 1.0 Transitional//EN"
    "http://www.w3.org/TR/xhtml1/DTD/xhtml1-transitional.dtd">
<html xmlns="http://www.w3.org/1999/xhtml" xml:lang="en" lang="en">
 <head>
  <title>
</title>
<meta http-equiv="Content-Type" content="text/html;charset=utf-8" />
  <meta name='ocr-system' content='tesseract 3.04.00' />
  <meta name='ocr-capabilities' content='ocr_page ocr_carea ocr_par ocr_line ocrx_word'/>
</head>
<body>
  <div class='ocr_page' id='page_1' title='image "./dantisalligheri00wittgoog_0058.png"; bbox 0 0 2940 4808; ppageno 0'>
   <div class='ocr_carea' id='block_1_1' title="bbox 511 108 1216 166">
    <p class='ocr_par' dir='ltr' id='par_1_1' title="bbox 511 108 1216 166">
     <span class='ocr_line' id='line_1_1' title="bbox 511 108 1216 166; baseline -0.003 -2"><span class='ocrx_word' id='word_1_1' title='bbox 511 109 789 166; x_wconf 69' lang='lat' dir='ltr'>emundentur.</span> <span class='ocrx_word' id='word_1_2' title='bbox 1127 108 1216 163; x_wconf 85' lang='lat' dir='ltr'>XLIX</span> 
     </span>
    </p>
   </div>
   <div class='ocr_carea' id='block_1_2' title="bbox 93 282 1277 1399">
    <p class='ocr_par' dir='ltr' id='par_1_2' title="bbox 93 282 1277 1266">
     <span class='ocr_line' id='line_1_2' title="bbox 93 282 1216 381; baseline -0.004 -23"><span class='ocrx_word' id='word_1_3' title='bbox 93 297 191 358; x_wconf 88' lang='lat' dir='ltr'>talam</span> <span class='ocrx_word' id='word_1_4' title='bbox 233 285 397 357; x_wconf 75' lang='lat' dir='ltr'>Fortunae</span> <span class='ocrx_word' id='word_1_5' title='bbox 442 286 555 357; x_wconf 86' lang='grc'><strong>1661611</strong></span> <span class='ocrx_word' id='word_1_6' title='bbox 597 283 852 381; x_wconf 71' lang='lat' dir='ltr'>portendebant,</span> <span class='ocrx_word' id='word_1_7' title='bbox 897 282 1125 355; x_wconf 83' lang='lat' dir='ltr'>Brixianorum</span> <span class='ocrx_word' id='word_1_8' title='bbox 1165 306 1216 354; x_wconf 89' lang='lat' dir='ltr'>re·</span> 
     </span>
     <span class='ocr_line' id='line_1_3' title="bbox 93 408 1216 505; baseline -0.004 -20"><span class='ocrx_word' id='word_1_9' title='bbox 93 413 208 504; x_wconf 83' lang='lat' dir='ltr'>bellio,</span> <span class='ocrx_word' id='word_1_10' title='bbox 244 411 511 484; x_wconf 84' lang='lat' dir='ltr'>Florentinorum</span> <span class='ocrx_word' id='word_1_11' title='bbox 546 410 769 503; x_wconf 71' lang='lat' dir='ltr'>contumacia,</span> <span class='ocrx_word' id='word_1_12' title='bbox 793 419 921 505; x_wconf 89' lang='lat' dir='ltr'>apertae</span> <span class='ocrx_word' id='word_1_13' title='bbox 947 408 1080 482; x_wconf 87' lang='lat' dir='ltr'>Roberti</span> <span class='ocrx_word' id='word_1_14' title='bbox 1108 409 1216 480; x_wconf 80' lang='lat' dir='ltr'>Ande·</span> 
     </span>
     <span class='ocr_line' id='line_1_4' title="bbox 94 536 1217 636; baseline -0.003 -24"><span class='ocrx_word' id='word_1_15' title='bbox 94 540 244 636; x_wconf 80' lang='lat' dir='ltr'>gavensis</span> <span class='ocrx_word' id='word_1_16' title='bbox 277 538 483 630; x_wconf 82' lang='lat' dir='ltr'>inimicitiae,</span> <span class='ocrx_word' id='word_1_17' title='bbox 516 537 549 608; x_wconf 89' lang='lat' dir='ltr'>in</span> <span class='ocrx_word' id='word_1_18' title='bbox 576 546 729 609; x_wconf 76' lang='lat' dir='ltr'>aestatem</span> <span class='ocrx_word' id='word_1_19' title='bbox 758 537 834 608; x_wconf 91' lang='lat' dir='ltr'>anni</span> <span class='ocrx_word' id='word_1_20' title='bbox 865 536 957 608; x_wconf 87' lang='grc'><strong>1311</strong></span> <span class='ocrx_word' id='word_1_21' title='bbox 989 539 1153 629; x_wconf 89' lang='lat' dir='ltr'>incidunt,</span> <span class='ocrx_word' id='word_1_22' title='bbox 1185 547 1217 609; x_wconf 89' lang='lat' dir='ltr'>et</span> 
     </span>
     <span class='ocr_line' id='line_1_5' title="bbox 95 664 1216 766; baseline -0.003 -27"><span class='ocrx_word' id='word_1_23' title='bbox 95 693 135 739; x_wconf 93' lang='lat' dir='ltr'>ne</span> <span class='ocrx_word' id='word_1_24' title='bbox 155 680 234 738; x_wconf 91' lang='lat' dir='ltr'>tunc</span> <span class='ocrx_word' id='word_1_25' title='bbox 253 666 383 762; x_wconf 91' lang='lat' dir='ltr'>quidem</span> <span class='ocrx_word' id='word_1_26' title='bbox 403 676 490 766; x_wconf 89' lang='grc'><strong>16616</strong></span> <span class='ocrx_word' id='word_1_27' title='bbox 510 665 572 737; x_wconf 89' lang='lat' dir='ltr'>dici</span> <span class='ocrx_word' id='word_1_28' title='bbox 600 673 741 760; x_wconf 89' lang='lat' dir='ltr'>poterat,</span> <span class='ocrx_word' id='word_1_29' title='bbox 768 689 909 736; x_wconf 92' lang='lat' dir='ltr'>omnes</span> <span class='ocrx_word' id='word_1_30' title='bbox 933 664 1040 736; x_wconf 87' lang='lat' dir='ltr'>ltaliae</span> <span class='ocrx_word' id='word_1_31' title='bbox 1067 665 1216 762; x_wconf 90' lang='lat' dir='ltr'>populos,</span> 
     </span>
     <span class='ocr_line' id='line_1_6' title="bbox 94 768 1277 890; baseline -0.002 -25"><span class='ocrx_word' id='word_1_32' title='bbox 94 793 256 885; x_wconf 77' lang='lat' dir='ltr'>civitatee,</span> <span class='ocrx_word' id='word_1_33' title='bbox 288 817 383 888; x_wconf 87' lang='lat' dir='ltr'>reges</span> <span class='ocrx_word' id='word_1_34' title='bbox 410 804 440 864; x_wconf 91' lang='grc'>61</span> <span class='ocrx_word' id='word_1_35' title='bbox 467 794 630 890; x_wconf 90' lang='grc'><strong>611161666</strong></span> <span class='ocrx_word' id='word_1_36' title='bbox 656 794 690 864; x_wconf 90' lang='lat' dir='ltr'>iu</span> <span class='ocrx_word' id='word_1_37' title='bbox 717 816 757 864; x_wconf 91' lang='lat' dir='ltr'>eo</span> <span class='ocrx_word' id='word_1_38' title='bbox 784 768 982 864; x_wconf 78' lang='lat' dir='ltr'>concordare</span> <span class='ocrx_word' id='word_1_39' title='bbox 1009 802 1044 863; x_wconf 93' lang='lat' dir='ltr'>ut</span> <span class='ocrx_word' id='word_1_40' title='bbox 1070 793 1217 863; x_wconf 90' lang='lat' dir='ltr'>adversa·</span> <span class='ocrx_word' id='word_1_41' title='bbox 1270 834 1277 851; x_wconf 62' lang='grc' dir='ltr'>ι</span> 
     </span>
     <span class='ocr_line' id='line_1_7' title="bbox 95 918 1217 1017; baseline -0.004 -25"><span class='ocrx_word' id='word_1_42' title='bbox 95 931 209 993; x_wconf 90' lang='lat' dir='ltr'>rentur</span> <span class='ocrx_word' id='word_1_43' title='bbox 235 920 385 992; x_wconf 89' lang='lat' dir='ltr'>Romano</span> <span class='ocrx_word' id='word_1_44' title='bbox 419 921 567 1017; x_wconf 80' lang='lat' dir='ltr'>principi.</span> <span class='ocrx_word' id='word_1_45' title='bbox 620 918 726 990; x_wconf 86' lang='lat' dir='ltr'>Etiam</span> <span class='ocrx_word' id='word_1_46' title='bbox 763 920 815 990; x_wconf 89' lang='lat' dir='ltr'>hio</span> <span class='ocrx_word' id='word_1_47' title='bbox 850 919 964 1014; x_wconf 89' lang='lat' dir='ltr'>igitur,</span> <span class='ocrx_word' id='word_1_48' title='bbox 995 942 1076 1013; x_wconf 88' lang='lat' dir='ltr'>quae</span> <span class='ocrx_word' id='word_1_49' title='bbox 1105 928 1217 989; x_wconf 89' lang='lat' dir='ltr'>contra</span> 
     </span>
     <span class='ocr_line' id='line_1_8' title="bbox 95 1045 1218 1143; baseline -0.002 -25"><span class='ocrx_word' id='word_1_50' title='bbox 95 1072 156 1120; x_wconf 91' lang='lat' dir='ltr'>nos</span> <span class='ocrx_word' id='word_1_51' title='bbox 184 1048 275 1120; x_wconf 82' lang='lat' dir='ltr'>affert</span> <span class='ocrx_word' id='word_1_52' title='bbox 302 1048 510 1120; x_wconf 87' lang='lat' dir='ltr'>doctissimus</span> <span class='ocrx_word' id='word_1_53' title='bbox 536 1047 747 1138; x_wconf 70' lang='lat' dir='ltr'>adversarius</span> <span class='ocrx_word' id='word_1_54' title='bbox 766 1046 797 1118; x_wconf 91' lang='lat' dir='ltr'>id</span> <span class='ocrx_word' id='word_1_55' title='bbox 825 1047 933 1143; x_wconf 91' lang='lat' dir='ltr'>potius</span> <span class='ocrx_word' id='word_1_56' title='bbox 959 1046 1089 1119; x_wconf 86' lang='lat' dir='ltr'>efficere</span> <span class='ocrx_word' id='word_1_57' title='bbox 1116 1045 1218 1116; x_wconf 91' lang='lat' dir='ltr'>credi·</span> 
     </span>
     <span class='ocr_line' id='line_1_9' title="bbox 95 1173 902 1266; baseline -0.001 -20"><span class='ocrx_word' id='word_1_58' title='bbox 95 1173 212 1266; x_wconf 90' lang='lat' dir='ltr'>derim,</span> <span class='ocrx_word' id='word_1_59' title='bbox 239 1185 274 1246; x_wconf 93' lang='lat' dir='ltr'>ut</span> <span class='ocrx_word' id='word_1_60' title='bbox 302 1182 445 1246; x_wconf 89' lang='lat' dir='ltr'>nostram</span> <span class='ocrx_word' id='word_1_61' title='bbox 475 1176 666 1246; x_wconf 87' lang='lat' dir='ltr'>sententiam</span> <span class='ocrx_word' id='word_1_62' title='bbox 696 1174 902 1248; x_wconf 88' lang='lat' dir='ltr'>confirment.</span> 
     </span>
    </p>

    <p class='ocr_par' dir='ltr' id='par_1_3' title="bbox 199 1301 1218 1399">
     <span class='ocr_line' id='line_1_10' title="bbox 199 1301 1218 1399; baseline -0.003 -26"><span class='ocrx_word' id='word_1_63' title='bbox 199 1301 404 1373; x_wconf 88' lang='lat' dir='ltr'>Novissimus</span> <span class='ocrx_word' id='word_1_64' title='bbox 431 1325 565 1392; x_wconf 89' lang='lat' dir='ltr'>eorum,</span> <span class='ocrx_word' id='word_1_65' title='bbox 601 1302 656 1399; x_wconf 93' lang='lat' dir='ltr'>qui</span> <span class='ocrx_word' id='word_1_66' title='bbox 684 1312 718 1373; x_wconf 93' lang='lat' dir='ltr'>ut</span> <span class='ocrx_word' id='word_1_67' title='bbox 744 1325 805 1373; x_wconf 93' lang='lat' dir='ltr'>nos</span> <span class='ocrx_word' id='word_1_68' title='bbox 832 1302 1063 1396; x_wconf 85' lang='lat' dir='ltr'>impugnarent</span> <span class='ocrx_word' id='word_1_69' title='bbox 1089 1301 1123 1371; x_wconf 92' lang='lat' dir='ltr'>iu</span> <span class='ocrx_word' id='word_1_70' title='bbox 1149 1323 1218 1370; x_wconf 89' lang='grc'><strong>616·</strong></span> 
     </span>
    </p>
   </div>
   <div class='ocr_carea' id='block_1_3' title="bbox 96 1425 1219 2034">
    <p class='ocr_par' dir='ltr' id='par_1_4' title="bbox 96 1425 1219 2034">
     <span class='ocr_line' id='line_1_11' title="bbox 97 1425 1219 1519; baseline 0 -21"><span class='ocrx_word' id='word_1_71' title='bbox 97 1451 171 1498; x_wconf 88' lang='lat' dir='ltr'>narn</span> <span class='ocrx_word' id='word_1_72' title='bbox 202 1427 451 1519; x_wconf 88' lang='lat' dir='ltr'>descenderunt,</span> <span class='ocrx_word' id='word_1_73' title='bbox 478 1437 527 1499; x_wconf 90' lang='lat' dir='ltr'>est</span> <span class='ocrx_word' id='word_1_74' title='bbox 552 1430 760 1500; x_wconf 90' lang='lat' dir='ltr'>Hermannus</span> <span class='ocrx_word' id='word_1_75' title='bbox 788 1427 1119 1519; x_wconf 55' lang='lat' dir='ltr'>urnrcaswanaafa)</span> <span class='ocrx_word' id='word_1_76' title='bbox 1147 1425 1219 1498; x_wconf 90' lang='lat' dir='ltr'>Col·</span> 
     </span>
     <span class='ocr_line' id='line_1_12' title="bbox 96 1541 1217 1650; baseline 0.001 -26"><span class='ocrx_word' id='word_1_77' title='bbox 96 1553 170 1649; x_wconf 90' lang='lat' dir='ltr'>legii</span> <span class='ocrx_word' id='word_1_78' title='bbox 208 1553 467 1627; x_wconf 88' lang='lat' dir='ltr'>Gebwileriensis</span> <span class='ocrx_word' id='word_1_79' title='bbox 502 1541 662 1628; x_wconf 85' lang='lat' dir='ltr'>Direclor.</span> <span class='ocrx_word' id='word_1_80' title='bbox 722 1556 802 1629; x_wconf 89' lang='lat' dir='ltr'>Novi</span> <span class='ocrx_word' id='word_1_81' title='bbox 841 1566 950 1626; x_wconf 86' lang='lat' dir='ltr'>tamen</span> <span class='ocrx_word' id='word_1_82' title='bbox 986 1554 1080 1650; x_wconf 89' lang='lat' dir='ltr'>quid,</span> <span class='ocrx_word' id='word_1_83' title='bbox 1117 1565 1149 1625; x_wconf 90' lang='lat' dir='ltr'>et</span> <span class='ocrx_word' id='word_1_84' title='bbox 1184 1555 1217 1625; x_wconf 94' lang='lat' dir='ltr'>in</span> 
     </span>
     <span class='ocr_line' id='line_1_13' title="bbox 96 1679 1218 1778; baseline 0 -27"><span class='ocrx_word' id='word_1_85' title='bbox 96 1681 290 1778; x_wconf 88' lang='lat' dir='ltr'>supradictis</span> <span class='ocrx_word' id='word_1_86' title='bbox 326 1707 344 1753; x_wconf 97' lang='lat' dir='ltr'>a</span> <span class='ocrx_word' id='word_1_87' title='bbox 379 1706 432 1753; x_wconf 94' lang='lat' dir='ltr'>me</span> <span class='ocrx_word' id='word_1_88' title='bbox 469 1685 754 1778; x_wconf 89' lang='lat' dir='ltr'>praetermissum,</span> <span class='ocrx_word' id='word_1_89' title='bbox 792 1683 896 1754; x_wconf 92' lang='lat' dir='ltr'>virum</span> <span class='ocrx_word' id='word_1_90' title='bbox 931 1682 1062 1752; x_wconf 88' lang='lat' dir='ltr'>doctum</span> <span class='ocrx_word' id='word_1_91' title='bbox 1098 1679 1164 1775; x_wconf 89' lang='lat' dir='ltr'>jam</span> <span class='ocrx_word' id='word_1_92' title='bbox 1201 1705 1218 1751; x_wconf 94' lang='lat' dir='ltr'>a</span> 
     </span>
     <span class='ocr_line' id='line_1_14' title="bbox 98 1807 964 1904; baseline 0 -26"><span class='ocrx_word' id='word_1_93' title='bbox 98 1807 244 1902; x_wconf 90' lang='lat' dir='ltr'>Wegelio</span> <span class='ocrx_word' id='word_1_94' title='bbox 271 1809 407 1904; x_wconf 89' lang='lat' dir='ltr'>aliisque</span> <span class='ocrx_word' id='word_1_95' title='bbox 433 1811 536 1882; x_wconf 92' lang='lat' dir='ltr'>allatis</span> <span class='ocrx_word' id='word_1_96' title='bbox 563 1811 743 1903; x_wconf 89' lang='lat' dir='ltr'>addidisse,</span> <span class='ocrx_word' id='word_1_97' title='bbox 768 1835 834 1881; x_wconf 93' lang='lat' dir='ltr'>non</span> <span class='ocrx_word' id='word_1_98' title='bbox 862 1809 964 1881; x_wconf 90' lang='lat' dir='ltr'>video.</span> 
     </span>
     <span class='ocr_line' id='line_1_15' title="bbox 200 1933 1219 2034; baseline -0.002 -28"><span class='ocrx_word' id='word_1_99' title='bbox 200 1933 435 2007; x_wconf 88' lang='lat' dir='ltr'>Gravissimum</span> <span class='ocrx_word' id='word_1_100' title='bbox 453 1948 540 2009; x_wconf 89' lang='lat' dir='ltr'>certe</span> <span class='ocrx_word' id='word_1_101' title='bbox 568 1939 728 2030; x_wconf 89' lang='lat' dir='ltr'>omniurn,</span> <span class='ocrx_word' id='word_1_102' title='bbox 747 1962 827 2034; x_wconf 87' lang='lat' dir='ltr'>quae</span> <span class='ocrx_word' id='word_1_103' title='bbox 854 1947 965 2008; x_wconf 91' lang='lat' dir='ltr'>contra</span> <span class='ocrx_word' id='word_1_104' title='bbox 984 1959 1044 2005; x_wconf 92' lang='lat' dir='ltr'>nos</span> <span class='ocrx_word' id='word_1_105' title='bbox 1072 1957 1219 2031; x_wconf 89' lang='lat' dir='ltr'>pugnare</span> 
     </span>
    </p>
   </div>
   <div class='ocr_carea' id='block_1_4' title="bbox 96 2062 1220 3556">
    <p class='ocr_par' dir='ltr' id='par_1_5' title="bbox 96 2062 1220 3174">
     <span class='ocr_line' id='line_1_16' title="bbox 96 2062 1218 2162; baseline 0 -31"><span class='ocrx_word' id='word_1_106' title='bbox 96 2062 262 2154; x_wconf 89' lang='lat' dir='ltr'>videntur,</span> <span class='ocrx_word' id='word_1_107' title='bbox 299 2073 348 2133; x_wconf 91' lang='lat' dir='ltr'>est</span> <span class='ocrx_word' id='word_1_108' title='bbox 383 2074 632 2157; x_wconf 86' lang='lat' dir='ltr'>argumentum,</span> <span class='ocrx_word' id='word_1_109' title='bbox 668 2065 753 2161; x_wconf 89' lang='lat' dir='ltr'>quod</span> <span class='ocrx_word' id='word_1_110' title='bbox 788 2066 857 2162; x_wconf 90' lang='lat' dir='ltr'>ipse</span> <span class='ocrx_word' id='word_1_111' title='bbox 891 2064 1017 2161; x_wconf 90' lang='lat' dir='ltr'>primus</span> <span class='ocrx_word' id='word_1_112' title='bbox 1044 2063 1077 2132; x_wconf 90' lang='lat' dir='ltr'>in</span> <span class='ocrx_word' id='word_1_113' title='bbox 1112 2063 1218 2132; x_wconf 90' lang='lat' dir='ltr'>lucem</span> 
     </span>
     <span class='ocr_line' id='line_1_17' title="bbox 98 2191 1219 2286; baseline 0.001 -26"><span class='ocrx_word' id='word_1_114' title='bbox 98 2191 255 2284; x_wconf 87' lang='lat' dir='ltr'>protraxi,</span> <span class='ocrx_word' id='word_1_115' title='bbox 282 2200 314 2261; x_wconf 90' lang='lat' dir='ltr'>et</span> <span class='ocrx_word' id='word_1_116' title='bbox 340 2215 404 2286; x_wconf 93' lang='lat' dir='ltr'>quo</span> <span class='ocrx_word' id='word_1_117' title='bbox 433 2193 599 2266; x_wconf 90' lang='lat' dir='ltr'>neminem</span> <span class='ocrx_word' id='word_1_118' title='bbox 627 2193 885 2265; x_wconf 90' lang='lat' dir='ltr'>adversariorum</span> <span class='ocrx_word' id='word_1_119' title='bbox 912 2214 1009 2263; x_wconf 89' lang='lat' dir='ltr'>usum</span> <span class='ocrx_word' id='word_1_120' title='bbox 1037 2213 1219 2286; x_wconf 73' lang='grc'><strong>6666616-</strong></span> 
     </span>
     <span class='ocr_line' id='line_1_18' title="bbox 98 2317 1218 2416; baseline 0 -29"><span class='ocrx_word' id='word_1_121' title='bbox 98 2317 180 2388; x_wconf 89' lang='grc'><strong>16616</strong></span> <span class='ocrx_word' id='word_1_122' title='bbox 211 2317 329 2390; x_wconf 89' lang='lat' dir='ltr'>miror:</span> <span class='ocrx_word' id='word_1_123' title='bbox 357 2319 463 2389; x_wconf 89' lang='lat' dir='ltr'>citatio</span> <span class='ocrx_word' id='word_1_124' title='bbox 490 2320 623 2416; x_wconf 90' lang='lat' dir='ltr'>inquam</span> <span class='ocrx_word' id='word_1_125' title='bbox 640 2318 793 2412; x_wconf 88' lang='lat' dir='ltr'>Paradisi,</span> <span class='ocrx_word' id='word_1_126' title='bbox 820 2344 917 2415; x_wconf 90' lang='lat' dir='ltr'>quam</span> <span class='ocrx_word' id='word_1_127' title='bbox 945 2317 1055 2391; x_wconf 88' lang='lat' dir='ltr'>librol</span> <span class='ocrx_word' id='word_1_128' title='bbox 1082 2341 1150 2412; x_wconf 89' lang='lat' dir='ltr'>cap.</span> <span class='ocrx_word' id='word_1_129' title='bbox 1175 2317 1218 2389; x_wconf 85' lang='lat'>12</span> 
     </span>
     <span class='ocr_line' id='line_1_19' title="bbox 96 2444 1220 2539; baseline 0 -25"><span class='ocrx_word' id='word_1_130' title='bbox 96 2451 201 2515; x_wconf 86' lang='lat' dir='ltr'>textus</span> <span class='ocrx_word' id='word_1_131' title='bbox 236 2444 324 2515; x_wconf 90' lang='lat' dir='ltr'>latini</span> <span class='ocrx_word' id='word_1_132' title='bbox 358 2446 487 2517; x_wconf 87' lang='lat' dir='ltr'>codices</span> <span class='ocrx_word' id='word_1_133' title='bbox 522 2447 589 2517; x_wconf 90' lang='grc'><strong>1616</strong></span> <span class='ocrx_word' id='word_1_134' title='bbox 623 2470 755 2539; x_wconf 87' lang='grc'><strong>611166,</strong></span> <span class='ocrx_word' id='word_1_135' title='bbox 789 2456 822 2518; x_wconf 93' lang='grc'>61</span> <span class='ocrx_word' id='word_1_136' title='bbox 847 2444 1007 2517; x_wconf 83' lang='lat' dir='ltr'>versionis</span> <span class='ocrx_word' id='word_1_137' title='bbox 1034 2444 1220 2516; x_wconf 82' lang='lat' dir='ltr'>Ficinianae</span> 
     </span>
     <span class='ocr_line' id='line_1_20' title="bbox 96 2569 1220 2671; baseline 0.001 -29"><span class='ocrx_word' id='word_1_138' title='bbox 96 2571 283 2667; x_wconf 84' lang='lat' dir='ltr'>complures</span> <span class='ocrx_word' id='word_1_139' title='bbox 316 2569 533 2671; x_wconf 70' lang='grc'><strong>6111161149)</strong></span> <span class='ocrx_word' id='word_1_140' title='bbox 585 2572 755 2667; x_wconf 87' lang='lat' dir='ltr'>Rationes,</span> <span class='ocrx_word' id='word_1_141' title='bbox 790 2598 870 2669; x_wconf 90' lang='lat' dir='ltr'>quae</span> <span class='ocrx_word' id='word_1_142' title='bbox 898 2573 1010 2643; x_wconf 91' lang='lat' dir='ltr'>mein</span> <span class='ocrx_word' id='word_1_143' title='bbox 1039 2572 1088 2642; x_wconf 86' lang='grc'><strong>1116</strong></span> <span class='ocrx_word' id='word_1_144' title='bbox 1114 2572 1220 2643; x_wconf 88' lang='lat' dir='ltr'>verbis</span> 
     </span>
     <span class='ocr_line' id='line_1_21' title="bbox 97 2699 1220 2797; baseline -0.001 -27"><span class='ocrx_word' id='word_1_145' title='bbox 97 2699 259 2792; x_wconf 78' lang='lat' dir='ltr'>glossema</span> <span class='ocrx_word' id='word_1_146' title='bbox 297 2699 540 2794; x_wconf 87' lang='lat' dir='ltr'>deprehendere</span> <span class='ocrx_word' id='word_1_147' title='bbox 579 2701 710 2793; x_wconf 79' lang='lat' dir='ltr'>faciunt,</span> <span class='ocrx_word' id='word_1_148' title='bbox 743 2702 897 2797; x_wconf 90' lang='lat' dir='ltr'>leguntur</span> <span class='ocrx_word' id='word_1_149' title='bbox 934 2701 966 2770; x_wconf 90' lang='lat' dir='ltr'>iu</span> <span class='ocrx_word' id='word_1_150' title='bbox 1000 2699 1220 2770; x_wconf 89' lang='lat' dir='ltr'>adnotatione.</span> 
     </span>
     <span class='ocr_line' id='line_1_22' title="bbox 96 2825 1219 2923; baseline 0.001 -27"><span class='ocrx_word' id='word_1_151' title='bbox 96 2825 379 2910; x_wconf 70' lang='lat' dir='ltr'>percontrarium</span> <span class='ocrx_word' id='word_1_152' title='bbox 399 2827 511 2916; x_wconf 79' lang='lat' dir='ltr'>sentit,</span> <span class='ocrx_word' id='word_1_153' title='bbox 523 2828 706 2899; x_wconf 90' lang='lat' dir='ltr'>necessario</span> <span class='ocrx_word' id='word_1_154' title='bbox 724 2827 930 2899; x_wconf 87' lang='lat' dir='ltr'>Menarchiae</span> <span class='ocrx_word' id='word_1_155' title='bbox 949 2827 1219 2923; x_wconf 87' lang='lat' dir='ltr'>compositionem</span> 
     </span>
     <span class='ocr_line' id='line_1_23' title="bbox 98 2950 1220 3048; baseline 0.003 -27"><span class='ocrx_word' id='word_1_156' title='bbox 98 2952 129 3021; x_wconf 89' lang='lat' dir='ltr'>in</span> <span class='ocrx_word' id='word_1_157' title='bbox 154 2950 289 3022; x_wconf 89' lang='lat' dir='ltr'>ultimos</span> <span class='ocrx_word' id='word_1_158' title='bbox 317 2953 452 3023; x_wconf 91' lang='lat' dir='ltr'>omniuo</span> <span class='ocrx_word' id='word_1_159' title='bbox 480 2954 561 3025; x_wconf 89' lang='lat' dir='ltr'>vitae</span> <span class='ocrx_word' id='word_1_160' title='bbox 579 2953 693 3025; x_wconf 86' lang='lat' dir='ltr'>Dentis</span> <span class='ocrx_word' id='word_1_161' title='bbox 720 2978 824 3026; x_wconf 89' lang='lat' dir='ltr'>annos</span> <span class='ocrx_word' id='word_1_162' title='bbox 851 2953 984 3048; x_wconf 89' lang='lat' dir='ltr'>rejicere</span> <span class='ocrx_word' id='word_1_163' title='bbox 1012 2953 1117 3045; x_wconf 89' lang='lat' dir='ltr'>debet,</span> <span class='ocrx_word' id='word_1_164' title='bbox 1134 2953 1220 3048; x_wconf 89' lang='lat' dir='ltr'>quod</span> 
     </span>
     <span class='ocr_line' id='line_1_24' title="bbox 98 3077 914 3174; baseline 0.001 -25"><span class='ocrx_word' id='word_1_165' title='bbox 98 3077 168 3149; x_wconf 87' lang='grc'><strong>11611</strong></span> <span class='ocrx_word' id='word_1_166' title='bbox 199 3101 264 3149; x_wconf 87' lang='grc'><strong>1611</strong></span> <span class='ocrx_word' id='word_1_167' title='bbox 293 3102 399 3174; x_wconf 88' lang='grc'><strong>66666,</strong></span> <span class='ocrx_word' id='word_1_168' title='bbox 427 3080 522 3152; x_wconf 87' lang='lat' dir='ltr'>hodie</span> <span class='ocrx_word' id='word_1_169' title='bbox 551 3104 666 3152; x_wconf 86' lang='lat' dir='ltr'>omnes</span> <span class='ocrx_word' id='word_1_170' title='bbox 696 3082 914 3154; x_wconf 89' lang='lat' dir='ltr'>consentiunt.</span> 
     </span>
    </p>

    <p class='ocr_par' dir='ltr' id='par_1_6' title="bbox 96 3203 1220 3556">
     <span class='ocr_line' id='line_1_25' title="bbox 202 3203 1219 3303; baseline 0.004 -29"><span class='ocrx_word' id='word_1_171' title='bbox 202 3203 335 3275; x_wconf 89' lang='lat' dir='ltr'>Nullum</span> <span class='ocrx_word' id='word_1_172' title='bbox 363 3206 621 3279; x_wconf 88' lang='lat' dir='ltr'>adversariorum</span> <span class='ocrx_word' id='word_1_173' title='bbox 648 3220 879 3303; x_wconf 88' lang='lat' dir='ltr'>argumentum</span> <span class='ocrx_word' id='word_1_174' title='bbox 907 3234 924 3279; x_wconf 93' lang='lat' dir='ltr'>a</span> <span class='ocrx_word' id='word_1_175' title='bbox 952 3232 1005 3280; x_wconf 91' lang='lat' dir='ltr'>me</span> <span class='ocrx_word' id='word_1_176' title='bbox 1035 3208 1219 3303; x_wconf 86' lang='lat' dir='ltr'>neglectum</span> 
     </span>
     <span class='ocr_line' id='line_1_26' title="bbox 96 3333 1220 3432; baseline 0.004 -32"><span class='ocrx_word' id='word_1_177' title='bbox 96 3353 168 3401; x_wconf 89' lang='lat' dir='ltr'>esse</span> <span class='ocrx_word' id='word_1_178' title='bbox 198 3354 351 3426; x_wconf 91' lang='lat' dir='ltr'>sperans,</span> <span class='ocrx_word' id='word_1_179' title='bbox 384 3333 462 3405; x_wconf 89' lang='lat' dir='ltr'>nihil</span> <span class='ocrx_word' id='word_1_180' title='bbox 492 3335 595 3407; x_wconf 88' lang='lat' dir='ltr'>habeo</span> <span class='ocrx_word' id='word_1_181' title='bbox 621 3337 707 3432; x_wconf 93' lang='lat' dir='ltr'>quod</span> <span class='ocrx_word' id='word_1_182' title='bbox 736 3337 869 3427; x_wconf 89' lang='lat' dir='ltr'>addam,</span> <span class='ocrx_word' id='word_1_183' title='bbox 903 3336 1220 3430; x_wconf 89' lang='lat' dir='ltr'>controversiamque</span> 
     </span>
     <span class='ocr_line' id='line_1_27' title="bbox 97 3457 839 3556; baseline 0.008 -29"><span class='ocrx_word' id='word_1_184' title='bbox 97 3457 303 3529; x_wconf 85' lang='lat' dir='ltr'>confidenter</span> <span class='ocrx_word' id='word_1_185' title='bbox 330 3460 499 3533; x_wconf 90' lang='lat' dir='ltr'>doctorum</span> <span class='ocrx_word' id='word_1_186' title='bbox 523 3460 645 3556; x_wconf 85' lang='lat' dir='ltr'>judicio</span> <span class='ocrx_word' id='word_1_187' title='bbox 672 3464 839 3535; x_wconf 90' lang='lat' dir='ltr'>submitto.</span> 
     </span>
    </p>
   </div>
   <div class='ocr_carea' id='block_1_5' title="bbox 150 3622 1166 3697">
    <p class='ocr_par' dir='ltr' id='par_1_7' title="bbox 150 3622 1166 3697">
     <span class='ocr_line' id='line_1_28' title="bbox 150 3622 1166 3697; baseline 0.001 -9"><span class='ocrx_word' id='word_1_188' title='bbox 150 3622 420 3693; x_wconf 84' lang='lat' dir='ltr'>POSTERIORA</span> <span class='ocrx_word' id='word_1_189' title='bbox 442 3628 665 3697; x_wconf 85' lang='lat' dir='ltr'><strong>LIBRORUM</strong></span> <span class='ocrx_word' id='word_1_190' title='bbox 687 3631 745 3696; x_wconf 79' lang='lat' dir='ltr'>Du</span> <span class='ocrx_word' id='word_1_191' title='bbox 768 3627 1022 3696; x_wconf 81' lang='lat' dir='ltr'>MONAROHIA</span> <span class='ocrx_word' id='word_1_192' title='bbox 1044 3625 1166 3692; x_wconf 80' lang='lat' dir='ltr'><strong>FATA.</strong></span> 
     </span>
    </p>
   </div>
   <div class='ocr_carea' id='block_1_6' title="bbox 200 3743 1222 3845">
    <p class='ocr_par' dir='ltr' id='par_1_8' title="bbox 200 3743 1222 3845">
     <span class='ocr_line' id='line_1_29' title="bbox 200 3743 1222 3845; baseline 0.002 -29"><span class='ocrx_word' id='word_1_193' title='bbox 200 3743 323 3817; x_wconf 86' lang='lat' dir='ltr'>Eorum</span> <span class='ocrx_word' id='word_1_194' title='bbox 352 3750 407 3844; x_wconf 90' lang='lat' dir='ltr'>qui</span> <span class='ocrx_word' id='word_1_195' title='bbox 433 3750 533 3823; x_wconf 90' lang='lat' dir='ltr'>libros</span> <span class='ocrx_word' id='word_1_196' title='bbox 560 3753 599 3823; x_wconf 90' lang='lat' dir='ltr'>de</span> <span class='ocrx_word' id='word_1_197' title='bbox 617 3751 802 3822; x_wconf 87' lang='lat' dir='ltr'>Monarchia</span> <span class='ocrx_word' id='word_1_198' title='bbox 831 3751 1062 3840; x_wconf 90' lang='lat' dir='ltr'>meminerunt,</span> <span class='ocrx_word' id='word_1_199' title='bbox 1087 3746 1222 3845; x_wconf 90' lang='lat' dir='ltr'>primus,</span> 
     </span>
    </p>
   </div>
   <div class='ocr_carea' id='block_1_7' title="bbox 184 3914 1146 3984">
    <p class='ocr_par' dir='ltr' id='par_1_9' title="bbox 184 3914 1146 3984">
     <span class='ocr_line' id='line_1_30' title="bbox 184 3914 1146 3984; baseline -0.012 -7"><span class='ocrx_word' id='word_1_200' title='bbox 184 3916 612 3984; x_wconf 60' lang='grc'>111(1611631111111(1611161161.</span> <span class='ocrx_word' id='word_1_201' title='bbox 647 3914 850 3970; x_wconf 84' lang='lat' dir='ltr'>Jahresberieht</span> <span class='ocrx_word' id='word_1_202' title='bbox 867 3914 912 3970; x_wconf 85' lang='lat' dir='ltr'>Nr.</span> <span class='ocrx_word' id='word_1_203' title='bbox 932 3918 955 3968; x_wconf 82' lang='lat'>2.</span> <span class='ocrx_word' id='word_1_204' title='bbox 986 3918 1059 3969; x_wconf 74' lang='lat'><strong>1873.</strong></span> <span class='ocrx_word' id='word_1_205' title='bbox 1141 3934 1146 3943; x_wconf 88' lang='grc'>·</span> 
     </span>
    </p>
   </div>
   <div class='ocr_carea' id='block_1_8' title="bbox 184 4002 1020 4137">
    <p class='ocr_par' dir='ltr' id='par_1_10' title="bbox 184 4002 1020 4137">
     <span class='ocr_line' id='line_1_31' title="bbox 184 4002 1020 4137; baseline -0.004 -79"><span class='ocrx_word' id='word_1_206' title='bbox 184 4006 215 4070; x_wconf 72' lang='lat'>⁴⁰)</span> <span class='ocrx_word' id='word_1_207' title='bbox 235 4003 276 4059; x_wconf 83' lang='lat' dir='ltr'>Cf.</span> <span class='ocrx_word' id='word_1_208' title='bbox 293 4018 376 4072; x_wconf 87' lang='lat' dir='ltr'>supra</span> <span class='ocrx_word' id='word_1_209' title='bbox 393 4017 419 4070; x_wconf 89' lang='lat' dir='ltr'>p.</span> <span class='ocrx_word' id='word_1_210' title='bbox 437 4002 485 4056; x_wconf 90' lang='lat' dir='ltr'>IV.</span> <span class='ocrx_word' id='word_1_211' title='bbox 504 4002 575 4058; x_wconf 85' lang='lat' dir='ltr'>Nota</span> <span class='ocrx_word' id='word_1_212' title='bbox 592 4003 613 4056; x_wconf 88' lang='lat'>1.</span> <span class='ocrx_word' id='word_1_213' title='bbox 1002 4083 1020 4137; x_wconf 77' lang='lat' dir='ltr'>d</span> 
     </span>
    </p>
   </div>
   <div class='ocr_carea' id='block_1_9' title="bbox 0 0 1480 4808">
    <p class='ocr_par' dir='ltr' id='par_1_11' title="bbox 0 0 1480 4808">
     <span class='ocr_line' id='line_1_32' title="bbox 0 0 1480 4808; baseline 0 0"><span class='ocrx_word' id='word_1_214' title='bbox 0 0 1480 4808; x_wconf 95' lang='lat' dir='ltr'> </span> 
     </span>
    </p>
   </div>
  </div>
 </body>
</html>
