2940 4808
398 317 533 372 DANTIS
552 317 771 373 MONARGHIA
788 317 837 371 ΙΙΙ.
856 316 885 372 Ο.
906 322 945 373 16.
967 320 1029 383 (lb.)
1214 313 1273 374 137

152 491 194 555 Et
217 511 313 572 quum
336 490 438 555 omnis
459 496 573 554 natura
594 489 637 555 ad
651 491 797 555 ultimum
814 488 973 572 quendam
987 489 1083 555 finem
1101 487 1272 571 ordinetur,

153 594 370 674 consequitur,
399 598 434 656 ut
456 592 593 657 hominis
616 590 735 676 duplex
758 591 830 656 finis
852 592 997 675 exsistat,
1021 597 1064 674 ut,
1088 592 1169 657 siout
1191 591 1273 655 inter
1291 606 1322 656 25

153 696 261 761 omnia·
282 694 367 760 entia
382 693 468 783 solus
490 692 821 778 incorruptibilitatem
838 701 870 760 et
889 694 1186 778 corruptibilitatem
1200 711 1272 774 par-

151 797 280 880 ticipat3
305 797 351 860 sic
372 795 459 861 solus
481 795 562 860 inter
577 797 684 860 omnia
705 798 807 881 entia,
831 794 941 862 induo
964 797 1077 861 ultima
1096 794 1270 862 ordinetur:

154 919 287 980 quorum
309 898 444 962 alterum
460 896 501 960 sit
515 895 587 961 finis
610 897 689 981 ejus,
712 904 805 981 prout
820 899 1034 982 corruptibilis
1052 903 1113 981 est3
1138 897 1273 961 alterum

153 1020 245 1082 vero,
269 1004 362 1083 prout
383 999 639 1080 incorruptibilis

238 1103 328 1167 Duos
357 1100 453 1182 igitur
480 1099 559 1165 fines
587 1099 795 1167 Providentia
822 1103 880 1168 illa
908 1102 1129 1168 inenarrabilis
1152 1099 1273 1166 homini
1292 1099 1323 1149 30

152 1203 318 1288 proposuit
339 1200 564 1285 intendendos,
596 1203 894 1270 beatitudinem
917 1205 1039 1270 scilicet
1066 1203 1185 1286 hujus
1213 1200 1272 1265 vi·
1326 1271 1328 1276 ,

153 1311 233 1387 tae,
265 1323 347 1385 quae
375 1305 408 1368 in
438 1305 621 1388 operatione
650 1306 797 1389 propriae
826 1308 952 1372 virtutis
976 1307 1133 1390 consist't,
1163 1310 1195 1369 et
1216 1323 1274 1388 per

153 1412 333 1471 terrestrem
362 1407 551 1472 Paradisum
579 1406 746 1491 figuratur,
777 1415 809 1473 et
839 1406 1138 1474 beatitudinem
1161 1405 1272 1470 vitae

153 1514 355 1592 aeternae,
372 1529 454 1591 quae
467 1511 610 1576 consistit
621 1511 653 1574 in
665 1511 813 1577 fruitione
826 1510 927 1575 divini
942 1514 1101 1592 aspectus,
1119 1507 1161 1572 ad
1177 1526 1273 1588 quam

152 1611 281 1692 propria
303 1612 405 1675 virtus
427 1611 600 1676 ascendere
622 1633 685 1679 non
707 1617 830 1696 potest,
859 1613 920 1677 nisi
943 1611 1061 1677 lumine
1084 1609 1193 1675 divino
1215 1607 1271 1672 ad·
1292 1607 1323 1658 35

149 1712 237 1795 juta,
262 1731 344 1793 quae
367 1734 423 1797 per
445 1713 634 1778 Paradisum
657 1715 827 1780 coelestem
850 1713 988 1796 intelligi
1011 1712 1112 1778 datur.

237 1814 288 1878 Ad
311 1815 370 1878 has
394 1814 522 1896 quidem
546 1816 774 1900 beatitudineS,
805 1815 958 1882 velutad
980 1814 1125 1880 diversas
1148 1812 1272 1901 conclu-

153 1917 267 1998 siones,
291 1937 348 2000 per
371 1902 618 1982 diversa'media
633 1919 742 1982 venire
759 1924 891 2002 oportet.
926 1919 1010 1982 Nam
1026 1917 1068 1981 ad
1090 1916 1272 2000 primam,

151 2037 209 2100 per
231 2017 519 2101 philosophica
542 2018 731 2084 documenta
752 2020 913 2102 venimus,
944 2017 1115 2085 dummodo
1143 2016 1201 2081 illa
1224 2034 1271 2104 se·

153 2138 296 2201 quamur,
315 2118 486 2184 secundum
503 2121 636 2186 virtutes
652 2123 789 2187 morales
805 2128 837 2186 et
851 2121 1084 2187 intellectuales
1100 2116 1271 2203 operando.
1289 2115 1323 2165 ⁴¹⁰

105 2275 107 2279 ,
152 2220 205 2284 Ad
234 2221 449 2296 secundam
478 2243 570 2305 vero,
600 2242 658 2304 per
687 2223 874 2290 documenta
902 2222 1160 2307 spiritualia,
1190 2239 1273 2301 quae

153 2322 325 2386 humanam
354 2323 509 2388 rationem
539 2324 794 2408 trarrsscendunt,
825 2322 995 2391 dummodo
1024 2325 1082 2388 illa
1104 2341 1274 2403 sequamur

153 2422 327 2489 secundum
350 2423 483 2488 virtutes
511 2426 709 2508 theologicas
739 2427 916 2511 operando,
939 2427 1069 2509 Fidem,
1094 2424 1192 2508 Spem
1215 2423 1272 2488 sei-

152 2525 229 2590 licet
252 2531 284 2589 et
306 2524 488 2590 Caritatem.
541 2527 609 2591 Has
637 2528 733 2610 igitur
755 2528 973 2594 conclusiones
1002 2533 1033 2594 et
1054 2527 1162 2591 media
1185 2523 1274 2608 (licet

154 2635 281 2694 ostensa
304 2629 366 2692 sint
380 2628 473 2695 nobis
495 2630 594 2693 haec
616 2629 658 2693 ab
682 2629 820 2694 humana
834 2630 965 2712 ratione,
990 2649 1072 2712 quae
1091 2648 1148 2714 per
1170 2628 1272 2710 philo·
1291 2625 1324 2677 ³³

180 2797 203 2829 ³³
221 2797 253 2849 F.
271 2797 303 2849 L.
320 2796 445 2864 seqnitur
468 2802 498 2848 nt
515 2795 632 2849 bominis
657 2825 687 2836 -

221 2881 254 2936 V.
272 2897 332 2934 cnm
350 2881 474 2950 seqnitur
491 2885 521 2933 nt
539 2878 609 2932 bom.

238 2965 270 3017 L.
290 2970 317 3018 et
335 2965 408 3018 editt.
426 2969 540 3020 recentt.
566 2971 600 3030 et,
618 2966 689 3019 sient

221 3051 291 3103 inter
309 3051 399 3103 omnic

179 3135 203 3166 ²⁸
221 3134 363 3202 Sequimur
386 3134 462 3188 codd.
487 3135 558 3189 inter
576 3150 606 3189 se
624 3150 688 3189 con·

221 3219 414 3274 sentientes-
427 3219 512 3273 Editt.
524 3225 612 3289 pront
630 3235 689 3274 cor·

221 3304 368 3375 nuptibilia,
388 3303 501 3356 olternm

180 3390 203 3422 ³⁰
220 3389 253 3441 A.
279 3387 454 3442 Providentia
481 3388 524 3442 illi
547 3391 688 3445 incitaren-

221 3473 331 3528 bilis-
348 3473 387 3526 M.
406 3471 516 3527 Procid.
541 3473 588 3528 illa
612 3492 688 3530 cerre-

221 3559 316 3614 rnbilis
340 3589 372 3599 -
396 3558 506 3612 Ficinus
533 3559 688 3615 inerrabilis

221 3644 347 3699 habuisse
364 3643 477 3697 videtur.

180 3730 201 3762 ³¹
220 3729 252 3782 V.
265 3731 413 3800 proposuit
431 3729 581 3784 intendenti
603 3760 636 3769 -
654 3728 686 3782 F.

216 3830 330 3886 propos.
350 3813 517 3871 intendentes

238 3899 338 3952 scilicet
355 3914 410 3952 non
427 3899 543 3952 habetur
560 3899 588 3950 in
605 3897 636 3950 F.

181 3985 204 4018 ³²
220 3985 252 4038 A.
278 3983 316 4036 M.
350 3999 402 4053 qrre
437 3985 463 4037 in
501 3998 582 4052 opere
624 3999 687 4053 pro·

220 4069 299 4139 price
312 4070 372 4121 m'rt.

180 4154 204 4186 ³³
220 4153 252 4206 H.
273 4169 327 4223 per
352 4159 504 4210 terrestrem
523 4153 686 4209 Paradisum

220 4239 346 4308 siprratnr

767 2795 790 2828 ³⁵
807 2794 876 2848 Edd.
895 2796 932 2848 nd
949 2812 1031 2865 priam
1049 2798 1135 2850 cirros
1152 2798 1274 2869 propria

767 2881 790 2913 ³³
807 2881 845 2934 M.
864 2881 964 2934 lamine
982 2880 1072 2936 divino
1091 2880 1224 2952 adjuncta
1241 2911 1275 2921 -—

808 2965 839 3019 P.
858 2966 920 3020 lum.
940 2966 992 3020 dic.
1012 2966 1050 3019 ad
1065 2968 1151 3020 nitnm

768 3051 790 3082 ³⁷
808 3050 842 3102 V.
853 3051 923 3104 velot
941 3050 1071 3104 adversas
1088 3052 1275 3107 conclusiones

768 3135 791 3167 33
809 3134 842 3187 F.
860 3134 911 3188 din.
931 3135 1019 3190 medio
1037 3136 1162 3191 devenire

768 3219 791 3253 ³³
808 3219 839 3273 F.
858 3220 896 3274 M.
920 3224 957 3286 (et
978 3220 1091 3290 interpr.
1112 3227 1202 3287 anon.)
1220 3239 1276 3293 per

803 3304 921 3376 pbpsicc
939 3305 1098 3361 documenta
1121 3337 1154 3345 —
1178 3307 1207 3360 P.
1220 3323 1276 3377 per

803 3389 1031 3462 pbilosophorum
1049 3393 1108 3446 doc.

768 3476 791 3510 ⁴²
808 3475 876 3529 Edd.
887 3477 969 3544 antiq.
980 3475 1124 3530 domanam
1142 3477 1275 3531 rationem

809 3561 974 3617 transcendit

766 3647 789 3678 33
806 3646 837 3700 P.
856 3662 975 3717 seqnnm.
988 3662 1044 3716 per
1061 3647 1172 3700 virtutes
1193 3644 1272 3701 tdeol.

841 3731 875 3784 H.
894 3730 1040 3785 secundnm
1056 3729 1137 3798 fidem

767 3816 799 3881 33,
818 3815 841 3846 33
859 3815 962 3869 scilicet
978 3831 1032 3869 non
1041 3815 1138 3883 legitur
1155 3799 1224 3868 inn.
1234 3814 1273 3868 M.

807 3929 840 3940 —
863 3901 895 3952 A.
914 3898 995 3970 Spem
1013 3901 1039 3954 si
1062 3899 1123 3954 licet
1145 3931 1179 3938 —
1203 3899 1272 3954 Edd.

808 4001 868 4038 curn
886 3984 942 4037 Fel.
959 3983 1062 4039 scilicet
1078 3983 1160 4055 Spem

766 4071 788 4102 33
806 4069 837 4122 F.
855 4068 917 4122 Has
934 4085 999 4139 erpo
1018 4069 1104 4124 concl.
