2940 4808
369 330 503 387 DANTIS
521 331 740 388 MONAROHIA
756 331 805 384 III.
825 330 854 384 C.
876 336 916 385 10.
1142 327 1200 388 121

81 510 188 590 potest
202 524 330 589 ponere,
353 510 480 588 praeter
502 502 536 568 id
552 502 638 584 quod
652 504 790 588 positum
806 507 863 585 est,
887 502 973 584 quod
995 509 1044 568 est
1060 504 1203 570 Christus
1221 523 1252 573 35

80 605 206 672 Iesus.“
248 607 323 691 Ipse
347 609 396 672 est
417 610 524 689 petra,
547 624 642 689 super
665 625 760 686 quam
782 604 952 670 aedificata
975 610 1023 672 est
1041 605 1200 692 Ecclesia;

79 706 212 792 Imperii
239 727 316 773 vero
346 706 601 788 fundamentum,
629 706 683 790 jus
704 706 877 772 humanum
900 712 956 772 est.
1001 707 1097 774 Modo
1121 708 1201 793 dico,

35 846 40 859 .
81 808 168 891 quod
197 809 277 874 sicut
305 809 471 875 Ecclesiae
498 807 704 873 fundamento
734 828 790 874 suo
821 809 1005 898 contrariari
1033 812 1201 895 nonlicet,

81 908 140 976 sed
155 909 252 975 debet
266 930 391 994 semper
406 910 497 974 inniti
512 929 607 994 super
621 908 711 992 illud,
724 909 819 993 juxta
834 909 915 974 illud
930 910 1201 979 Cantioorum:

81 1012 191 1095 „Quae
214 1016 263 1077 θεῖ
290 1012 368 1095 ista,
400 1031 482 1093 quae
509 1010 653 1076 aseendit
683 1011 723 1078 de
748 1012 888 1095 deserto,
913 1010 1032 1078 delitiis
1054 1011 1196 1098 affluens,
1215 1018 1247 1067 40

79 1112 189 1178 innixa
219 1132 314 1197 super
343 1113 495 1178 dilectum
523 1113 658 1177 suum⁴‘?
696 1113 741 1178 sic
770 1117 802 1178 et
829 1112 968 1198 Imperio
996 1113 1117 1179 licitum
1138 1136 1202 1182 non

81 1220 145 1298 est,
180 1221 288 1281 contra
313 1215 367 1299 jus
395 1215 568 1279 humanum
597 1213 720 1295 aliquid
752 1214 866 1279 faeere.
918 1214 984 1280 Sed
1013 1221 1122 1281 contra
1146 1217 1201 1302 jus

81 1317 253 1382 humanum
290 1322 390 1398 esset,
434 1315 461 1378 si
499 1316 639 1400 scipsum
676 1316 848 1401 Imperium
889 1316 1079 1400 destrueret,
1125 1337 1200 1401 ergo

79 1418 218 1502 Imperio
240 1418 379 1501 scipsum
410 1418 574 1483 destruere
603 1438 666 1482 non
695 1417 778 1483 licet.
830 1418 934 1496 Quum
957 1436 1032 1498 ergo
1056 1418 1200 1494 scindere

78 1519 260 1602 Imperium,
283 1526 368 1585 θεεθῖ
382 1517 544 1586 destruere
567 1521 680 1604 ipsum,
704 1519 897 1585 consistente
919 1521 1055 1605 Imperio
1078 1520 1111 1584 in
1130 1524 1196 1587 uni·
1215 1527 1248 1581 45

79 1625 146 1686 tate
169 1620 371 1686 Monarchiae
400 1621 604 1706 universalis3
635 1621 836 1710 manifestum
865 1627 928 1704 θεῖ,
959 1622 1045 1703 quod
1070 1624 1200 1708 Imperii

79 1722 267 1788 auctoritate
301 1723 460 1806 fungenti,
495 1724 639 1789 scindere
672 1723 843 1806 Imperium
877 1743 940 1788 non
973 1723 1055 1791 licet.
1107 1726 1200 1805 Quod

79 1829 186 1890 autem
208 1823 370 1890 destruere
385 1824 557 1909 Imperium
580 1826 621 1890 sit
643 1829 752 1891 contra
770 1824 824 1907 jus
841 1822 1021 1909 hum'anum,
1045 1846 1086 1891 ex
1108 1848 1198 1914 supe·
1243 1896 1248 1911 ,

77 1925 214 1992 rioribus
237 1932 286 1991 θεῖ
308 1926 517 1993 manifestum.

79 2129 163 2194 enim
185 2128 228 2193 ad
252 2128 508 2213 jurisdictionem
538 2128 715 2210 ordinatur,
746 2132 778 2194 θῖ
799 2149 863 2193 non
885 2149 903 2193 e
926 2149 1087 2197 converso.
1133 2131 1199 2199 Sed

77 2230 248 2315 Imperium
271 2235 319 2296 θεῖ
336 2229 532 2315 jurisdictio,
563 2252 687 2298 ornnem
709 2232 919 2314 temporalem
944 2231 1200 2316 jurisdictionem

104 2364 127 2398 ³⁵
144 2364 177 2416 A.
192 2380 313 2435 ponere,
332 2365 386 2417 uiri
402 2363 431 2418 id

162 2448 304 2517 Sequimur
322 2447 398 2501 codd.
417 2447 449 2500 H.
468 2447 506 2500 M.
526 2479 559 2486 -—
581 2448 613 2502 ln

749 2363 778 2416 P.
796 2367 866 2419 sicat
883 2370 909 2418 et
926 2365 1047 2437 imperio

691 2450 714 2482 ⁴³
732 2449 770 2502 M.
805 2465 822 2502 a
856 2448 942 2518 primo
983 2450 1017 2505 ad
1051 2452 1199 2507 secundum

112 2519 177 2590 sF.
202 2533 232 2586 P.
251 2532 284 2586 V.
312 2531 409 2586 desunt
432 2533 514 2587 verba
538 2534 613 2604 quod

89 2689 92 2697 Ι
145 2623 240 2670 θεῖ-
263 2618 295 2668 A.
313 2616 345 2669 L.
365 2622 391 2671 et
414 2617 488 2671 editt.
508 2621 614 2687 quiesi

147 2700 269 2756 Christus

731 2536 850 2605 reiprmrm
894 2535 1051 2603 prosiliens
1101 2537 1199 2591 omittit

733 2619 815 2672 verba
850 2619 993 2690 imperium
1035 2620 1199 2676 destrueret:

732 2719 798 2775 erpo
822 2704 936 2774 imperio
959 2705 1078 2775 seipsam
1105 2735 1139 2744 -
1165 2706 1197 2761 F.

103 2787 125 2820 ³⁶
143 2786 181 2840 M.
200 2802 384 2857 superquam
400 2789 521 2858 fundata
539 2795 579 2843 θεῖ

103 2873 126 2906 ³⁷
143 2871 175 2924 F.
189 2872 241 2941 jur
258 2868 396 2925 homimem

100 2957 124 2991 ³⁸
141 2955 173 3009 F.
192 2954 275 3010 Modo
299 2957 359 3011 dico
382 2959 452 3012 sicut
473 2955 613 3011 Ecclesiae

124 3035 127 3041 ’
160 3041 193 3094 A.
211 3042 283 3094 sicut
299 3040 422 3096 Ecclesia

101 3125 126 3160 ⁴⁹
143 3125 177 3178 A.
195 3124 244 3179 red
261 3126 341 3179 immiti
356 3141 463 3197 semper
480 3143 563 3199 saper

162 3210 192 3264 F.
201 3226 256 3264 non
265 3211 349 3264 habet
359 3210 442 3264 verba
450 3226 534 3281 super
545 3209 613 3264 iliud

731 2790 757 2841 ri
772 2792 868 2842 contra
888 2789 970 2858 serpe.
987 2786 1059 2861 Imp.
1078 2791 1197 2845 destrue-

731 2880 806 2925 retur
824 2888 890 2942 erpo
910 2879 960 2926 etc.

691 2956 714 2988 ⁴⁴
731 2958 763 3009 A.
778 2957 810 3010 V.
830 2974 896 3029 erpo
913 2956 1063 3029 Imperium
1080 2960 1199 3030 reipsum

690 3041 714 3075 ⁴⁸
729 3042 762 3093 A.
775 3041 805 3093 L.
818 3041 857 3095 M.
873 3041 953 3108 Quod
969 3047 1059 3096 autem
1076 3043 1199 3098 scindere

731 3125 880 3197 Imperium

690 3212 713 3244 ⁵⁰
730 3210 763 3263 H.
776 3211 936 3281 jurisdictio
952 3213 1087 3285 proprior
1103 3217 1144 3267 θεῖ

690 3297 712 3328 ⁴¹
731 3296 762 3349 1..
783 3302 881 3351 etriou
899 3299 1079 3355 econtrario
1179 3354 1183 3358 .

690 3380 712 3412 ⁵²
729 3379 798 3434 Edd.
817 3381 919 3451 antiqu.
947 3382 1003 3438 Sed
1019 3382 1141 3454 Imperio
1159 3387 1198 3436 θεῖ

726 3465 886 3536 jurisdictio
904 3471 996 3523 -An
1014 3467 1071 3524 Sed
1087 3468 1200 3539 Imperii

732 3555 772 3603 ert
783 3550 962 3620 jurisdictio?

160 3295 191 3349 P.
211 3293 364 3350 Cantici-
384 3296 416 3349 A.
439 3294 564 3350 Comicae
578 3324 612 3333 —

142 3381 174 3434 F.
196 3380 298 3436 Cantus

101 3465 124 3498 ⁴¹
144 3465 173 3518 P.
193 3464 315 3535 afficiens
333 3466 419 3519 inuisa

162 3549 195 3603 V.
213 3565 297 3620 super
315 3548 440 3605 delictum

159 3649 253 3699 suum,
271 3633 343 3702 quod
357 3635 473 3688 habetur
490 3634 517 3687 in
535 3637 611 3687 textu

144 3734 231 3783 sacro,
249 3718 401 3773 addidimus
420 3734 481 3773 cum
498 3717 532 3770 H.

146 3836 168 3870 ³⁴
187 3837 322 3890 Cantic.
343 3837 567 3892 Canticorum
586 3835 651 3903 Cap.
666 3835 739 3890 VIII.
757 3855 781 3893 v.
794 3845 817 3892 5.
888 3838 911 3869 ⁴⁴
926 3836 967 3891 cf.
983 3838 1197 3894 Euonnanrrun

75 3905 256 3958 Annournus.
293 3905 335 3958 De
360 3913 421 3959 ortu
447 3913 473 3959 et
495 3903 549 3958 fine
571 3904 648 3957 Rom.
665 3904 732 3973 Imp.
752 3921 811 3974 cap.
833 3909 871 3959 18.
908 3905 967 3968 „Ne
986 3922 1103 3974 uaquam
1120 3909 1197 3962 licuit

74 3972 213 4028 Hadriano
239 3973 412 4041 Imperatori,
438 3974 478 4028 rel
503 3972 658 4035 luciniano,
682 3971 749 4027 fines
767 3975 805 4027 Im
827 3972 876 4027 erii
901 3922 1057 4042 simpiciter
1083 3981 1111 4028 θῖ
1135 3993 1196 4031 cum

74 4041 280 4095 renunciatione
297 4042 412 4108 tradere,
432 4046 460 4096 et
475 4040 619 4108 Imperium
638 4039 712 4094 circa
728 4039 796 4095 fines
808 3990 911 4095 debitos
930 4041 1059 4106 limitare;
1079 4059 1128 4098 nec
1145 4045 1195 4099 ulli

74 4109 235 4178 Imperatori
258 4126 377 4177 unquam
401 4110 491 4173 licuit,
515 4109 556 4163 rel
579 4108 684 4175 licebit,
712 4110 774 4175 quia
800 4114 857 4162 tum
881 4109 989 4163 caderet
1010 4113 1150 4167 anomine
1168 4117 1195 4167 et

75 4176 206 4244 dignitate
224 4178 354 4257 Augusti,
381 4179 453 4248 quod
476 4175 609 4246 significat
633 4176 778 4246 Imperium
801 4177 899 4232 debere
921 4193 1025 4248 semper
1043 4181 1149 4248 augeri,
1167 4187 1194 4236 et

73 4261 212 4313 nunquam
229 4251 340 4299 mrnur.“
