2940 4808
260 325 319 386 122
546 329 680 384 onurrs
697 288 918 385 mossarum
935 331 982 384 m.
1002 331 1031 386 e.
1052 336 1091 386 ιο.

257 501 378 567 ambitu
400 520 456 566 suo
480 501 763 586 comprehendens,
795 522 870 585 ergo
900 503 972 585 ipsa
1001 508 1051 568 est
1071 503 1159 588 prior
1181 523 1237 569 suo
1257 504 1381 589 judice,

259 605 313 686 qui
335 608 384 668 θεῖ
405 603 594 685 Imperator,
625 603 699 684 quia
722 603 765 668 ad
793 604 896 688 ipsam
918 605 1096 688 Imperator
1124 610 1173 670 est
1204 606 1381 690 ordinatus,

207 717 238 766 55
258 711 290 772 et
303 727 366 772 uon
381 725 399 770 θ
415 724 576 770 converso.
613 704 664 769 Ex
680 725 741 787 quo
757 711 855 790 patet,
881 706 967 786 quod
981 707 1158 791 Imperator
1179 707 1284 791 ipsam
1308 729 1381 792 per-

256 813 377 873 mutare
400 827 464 873 non
484 811 600 891 potest,
624 808 656 871 in
679 813 831 889 quantum
845 808 1030 891 Imperator,
1053 828 1150 890 quum
1172 809 1214 873 ab
1238 829 1276 875 eo
1300 810 1379 877 reci·

255 909 324 993 piat
345 929 415 976 θεεθ
439 908 524 990 quod
544 914 602 974 θεῖ.
640 907 735 974 Modo
760 907 830 974 dico
854 909 913 974 sic:
928 910 1001 974 'Aut
1023 909 1079 977 ille
1098 911 1275 994 Imperator
1298 918 1379 995 erat,

257 1031 353 1091 quum
386 1010 501 1076 dieitur
533 1010 696 1076 Ecclesiae
730 1010 917 1093 contulisse,
950 1017 1006 1075 aut
1041 1032 1112 1078 non.
1168 1012 1210 1075 Et
1242 1011 1269 1077 si
1304 1033 1379 1096 non,

256 1115 387 1197 planum
409 1118 459 1179 est
481 1110 567 1193 quod
588 1111 667 1176 nihil
690 1104 815 1195 po'terat
838 1111 878 1178 de
900 1113 1036 1197 Imperio
1067 1113 1215 1179 conferre.
1263 1112 1300 1178 si
1322 1114 1378 1198 sic,

207 1226 354 1296 coquum
376 1213 451 1278 talis
473 1213 602 1279 collatio
618 1218 703 1279 esset
724 1213 891 1279 minoratio
911 1213 1152 1298 jurisdictionis,
1175 1215 1380 1297 inquantum

257 1317 446 1401 Imperator,
471 1316 531 1381 hoc
552 1314 657 1380 facere
680 1335 742 1380 non
764 1319 897 1400 poterat.

339 1416 501 1499 Amplius:
539 1416 566 1481 si
599 1435 679 1480 uuus
714 1417 891 1501 Imperator
931 1417 1072 1498 aliquam
1108 1416 1300 1501 particulam
1337 1418 1379 1483 ab

256 1519 385 1605 Imperii
413 1517 634 1601 jurisdictione
668 1517 847 1585 discindere
878 1524 1005 1603 posset,
1041 1517 1155 1584 eadem
1187 1518 1314 1585 ratione
1347 1526 1381 1585 et

256 1622 346 1686 alius,
396 1620 438 1683 Et
466 1639 562 1701 quum
587 1619 768 1703 jurisdictio
796 1620 983 1704 temporalis
1012 1619 1102 1685 finita
1130 1620 1185 1703 sit,
1221 1625 1254 1686 θῖ
1286 1640 1379 1687 omne

206 1739 237 1790 65
255 1723 378 1787 finitum
405 1742 463 1806 per
490 1719 596 1786 finitas
625 1720 801 1788 decisiones
830 1723 1028 1805 absumatnr;
1061 1726 1261 1804 sequeretur,
1293 1721 1380 1805 quod

218 1868 220 1874 ι
251 1824 432 1909 jurisdictio
454 1823 558 1906 prima
579 1830 688 1907 posset
710 1822 895 1887 annihilari:
924 1820 1011 1903 quod
1032 1829 1082 1888 est
1104 1823 1335 1891 irrationabile.

339 1926 469 2007 Adhuc,
493 1945 588 2007 quum
611 1925 774 1991 conferens
797 1924 915 1989 habeat
943 1943 977 1988 εθ
999 1944 1057 2006 per
1079 1923 1209 1989 modum
1232 1925 1377 2010 agentis,

256 2035 288 2094 et
303 2029 353 2095 cui
369 2028 533 2110 confertur,
550 2046 607 2110 per
622 2026 750 2092 modum
765 2024 925 2110 patientis,
950 2029 984 2089 ut
998 2026 1105 2108 placet
1120 2026 1378 2113 Philosopho

256 2131 289 2195 in
311 2135 423 2211 quarto
452 2128 496 2193 ad
517 2128 761 2210 Nicomachum;
791 2146 854 2191 non
883 2127 985 2192 solum
1014 2126 1057 2191 ad
1078 2126 1284 2194 collationem
1308 2149 1378 2195 esse

206 2248 238 2298 uo
256 2231 376 2297 licitam
398 2230 566 2311 requiritur
589 2229 755 2314 dispositio
785 2226 988 2310 conferentis,
1019 2227 1076 2295 sed
1106 2228 1203 2295 etiam
1233 2230 1306 2313 ejus
1329 2232 1380 2297 cui

257 2332 427 2399 confertur:
449 2330 576 2397 videtur
590 2330 675 2395 enim
696 2331 729 2395 in
751 2331 893 2416 patiente
909 2330 1064 2414 disposito
1087 2336 1177 2396 actus
1200 2331 1378 2399 activorum

282 2485 304 2516 ⁵⁴
322 2483 353 2536 L.
380 2497 440 2536 cum
463 2480 501 2534 od
525 2481 613 2551 Ipsam
639 2511 671 2520 —
701 2480 731 2533 F.
749 2481 788 2534 M.
907 2480 978 2535 inter
996 2481 1153 2535 absumatur
1171 2482 1377 2538 ctadramalur.

323 2584 409 2638 quare
427 2565 465 2620 acl
482 2566 568 2636 qrrum
908 2565 984 2633 Quae
1002 2566 1026 2620 si
1043 2564 1199 2634 displicent,
1223 2567 1298 2636 legas
1317 2584 1379 2623 cum

282 2655 304 2686 ⁵⁵
321 2653 351 2706 L.
371 2657 396 2706 et
414 2667 468 2705 aon
487 2653 657 2706 econtrario
908 2649 942 2703 V.
961 2655 1137 2705 consumatur

281 2740 304 2772 ⁵⁸
321 2739 352 2790 A.
371 2736 527 2807 Imperator
544 2741 612 2802 erat,
631 2737 680 2806 qui
691 2736 790 2791 diditur
866 2735 889 2767 ⁶⁰
907 2733 938 2786 L.
951 2733 1112 2805 jurisdictr'o
1125 2737 1245 2806 propria
1257 2743 1354 2806 posset

339 2821 429 2874 Verba
447 2819 484 2874 m
500 2821 526 2874 si
542 2837 595 2874 nou
616 2822 715 2875 absunt
732 2821 788 2875 aP.
926 2819 958 2872 F.
978 2818 1053 2889 quod
1069 2820 1257 2874 lrrctr'ouobr'le

280 2909 312 2973 ⁶⁰,
330 2909 353 2940 ⁶¹
368 2906 447 2959 Lm.
458 2906 603 2960 miuorolr'o
616 2907 790 2976 jurisdr‘ctio-
867 2905 891 2937 ⁶⁷
908 2903 940 2957 F.
959 2904 1105 2973 conferens
1122 2919 1151 2957 sc
1168 2903 1248 2959 babet

322 2992 366 3045 ar's
383 2989 500 3060 [mpero
866 2988 891 3021 ⁶⁰
907 2991 940 3042 A.
960 2988 993 3041 L.
1012 2990 1039 3042 in
1057 2988 1159 3044 dccr'mo
1181 2990 1219 3044 ad
1236 2989 1343 3045 Nicom.

280 3078 304 3110 ⁶²
321 3076 391 3129 Hinc
418 3091 516 3129 norum
543 3080 626 3143 caput
657 3073 790 3144 incipiunt
925 3076 958 3127 A.
977 3074 1008 3126 P.
1028 3073 1059 3126 V.
1083 3089 1137 3126 nou
1161 3073 1248 3127 solum
1269 3075 1308 3129 ad
1324 3075 1379 3130 ccl·

322 3162 354 3214 A.
373 3160 404 3213 F.
425 3160 455 3212 P.
910 3157 1049 3212 lectr'ouem

281 3247 305 3279 ⁶³
322 3245 353 3298 F.
372 3244 402 3297 P.
421 3244 513 3298 ecdem
531 3245 638 3299 ratione
655 3243 727 3298 alius
868 3242 890 3274 ⁷¹
908 3241 946 3295 M.
965 3242 995 3294 P.
1014 3241 1046 3295 V.
1066 3242 1191 3297 videatur
1208 3244 1279 3297 enim
1298 3273 1330 3282 —
1345 3244 1377 3299 F.

281 3332 304 3364 ⁶⁵
320 3329 478 3384 Retinemus
505 3330 679 3393 robsamctur,
706 3327 787 3396 quod,
909 3326 1038 3381 diduntur
1055 3328 1125 3381 euim

324 3414 509 3483 conjecturam
537 3416 657 3467 nostram
691 3427 788 3478 sequu·
926 3412 959 3464 A.
985 3413 1013 3466 iu
1036 3414 1154 3479 potiente
1182 3417 1207 3466 et
1234 3412 1377 3484 dr'sposr‘ttb

322 3507 375 3566 tus,
393 3501 422 3553 in
439 3501 543 3553 textum
560 3496 663 3566 recepit
679 3495 788 3562 Fratic,
908 3527 942 3535 —
959 3496 993 3549 H.
1012 3497 1043 3550 P.
1057 3495 1090 3550 V.
1110 3503 1137 3550 et
1155 3497 1213 3551 edd.
1230 3499 1258 3550 ia
1271 3505 1333 3568 put.
1352 3505 1379 3553 et

322 3586 384 3639 licet
402 3583 534 3653 expressis
559 3581 642 3634 literis
667 3597 722 3635 non
739 3581 787 3634 ha·
907 3580 1234 3650 (lisposr'to—SequImur
1249 3582 1329 3637 codd.
1345 3582 1377 3637 F.

321 3670 419 3723 beatur
436 3668 464 3720 in
473 3667 560 3732 codd,
578 3666 623 3733 qui
634 3672 788 3719 assumatur
908 3665 939 3720 L.
951 3665 987 3719 M.
999 3670 1026 3719 et
1034 3665 1171 3720 Ficinum:
1188 3665 1289 3736 pcrcbc
1298 3684 1377 3738 pure,

323 3753 404 3820 (quod
428 3752 555 3807 exhibent
572 3751 647 3805 editt.
670 3750 787 3804 anterio·
908 3749 957 3804 cbc
979 3750 1003 3804 le
1020 3751 1182 3820 operczr'oui
1195 3751 1271 3822 deplr'
1285 3753 1380 3822 acenti

322 3845 376 3903 res)
388 3836 544 3901 scribentes,
558 3852 613 3890 non
623 3834 675 3888 dist
664 3835 789 3903 tinguent
907 3837 982 3889 sierro
1000 3836 1046 3889 ael
1056 3852 1114 3906 paz
1101 3837 1187 3889 iente
1162 3836 1326 3906 tdr‘sporto

322 3971 698 4026 ⁶⁹A1r1srorrcuusEthIca
717 3971 843 4025 Nicom.
867 3970 912 4024 lib.
931 3971 977 4035 IV,
1003 3984 1061 4038 cap.
1083 3975 1105 4023 1.
1132 3971 1226 4023 transl.
1250 3972 1376 4052 entique:

257 4040 335 4107 „virt
324 4046 367 4094 tus
384 4040 469 4108 magis
490 4038 657 4103 benefacere,
676 4055 756 4108 quam
774 4040 841 4094 bene
854 4040 920 4108 pati
939 4045 966 4092 et
983 4039 1051 4092 bene
1070 4038 1176 4106 operari
1193 4040 1277 4118 magis
1296 4056 1378 4107 quem

255 4108 345 4177 turpia
362 4124 416 4162 non
434 4111 548 4176 operari.
578 4108 616 4162 At
625 4080 770 4161 obscurum
788 4114 909 4173 nonest,
929 4106 1085 4161 sudatione
1105 4106 1233 4173 consequi
1251 4113 1282 4161 ut
1271 4108 1376 4163 t·bene

256 4176 316 4230 ficia
335 4175 512 4241 conferamus,
530 4177 627 4229 honest
616 4183 697 4244 taque
715 4191 837 4271 agamus,
864 4190 896 4229 ex
914 4181 1009 4243 accept
1011 4174 1071 4228 ioue
1089 4189 1163 4239 vero,
1189 4181 1219 4227 ut
1236 4176 1377 4231 benefieiis

257 4244 415 4311 afficiamur,
433 4260 488 4298 nou
507 4258 540 4296 arr
523 4259 670 4312 amesque
688 4244 805 4312 turpia&
