2940 4808
527 311 736 368 EDITIONUM
752 311 890 367 SERIES.
1206 311 1271 367 LXI

151 485 340 554 Monarchia
353 486 470 568 legitur
483 482 559 549 inde
575 504 595 548 a
609 507 641 569 p.
658 488 697 550 53
714 484 757 549 ad
772 504 803 566 p.
822 487 898 566 1793
921 484 1103 550 inscribitur
1117 505 1193 551 vero
1208 485 1269 549 ita:

528 628 689 695 DANTIS
711 628 888 694 ALIGHE-

486 739 548 803 RII
569 737 836 805 FLORENTINI
858 735 931 805 MO-

608 843 810 915 NAROHIA.
893 844 896 848 ⁴

156 1039 274 1105 Ansam
307 1035 382 1101 libri
413 1034 531 1101 edendi
562 1034 652 1101 dedit
685 1035 825 1120 Oporino
863 1035 1076 1119 fragmentum
1108 1041 1269 1120 tractatus,

159 1167 248 1230 quem
276 1145 495 1230 imperfectum
524 1146 698 1228 reliquerat
725 1146 870 1213 Aleiatus
899 1150 1061 1224 (†1550)‚
1090 1146 1132 1211 ab
1160 1146 1271 1215 Hiero·
1385 1188 1391 1197 -

156 1277 249 1343 nymo
272 1256 434 1339 Friclrero,
456 1255 593 1322 Patricio
615 1255 782 1339 Bemensi,
805 1263 836 1321 et
857 1255 1022 1322 Praefecto
1040 1255 1270 1340 Novidunensi,

157 1367 214 1434 sibi
246 1368 477 1434 transmissum.
540 1367 692 1451 Reliqua,
730 1367 764 1431 in
796 1367 910 1432 eodem
938 1365 1099 1431 volumine
1131 1386 1272 1450 eompre-

156 1477 269 1561 hensa,
298 1477 430 1544 aliunde
458 1476 575 1542 hausit.
627 1478 746 1543 Auctor
779 1475 927 1542 edendae
948 1476 1153 1542 Monarchiae
1175 1476 1272 1544 fuisse

158 1587 484 1669 videturHeroldus,²)
508 1587 561 1668 qui
582 1587 628 1652 ita
641 1586 676 1651 in
690 1586 889 1670 praelatione
910 1586 1184 1671 interpretationis
1204 1606 1273 1670 ger·
1323 1654 1325 1665 ,

158 1718 314 1765 mameae:

214 1842 339 1911 teleneu
367 1845 424 1908 urb
451 1842 490 1922 tq
518 1841 584 1920 curt
612 1840 666 1923 fult
693 1840 739 1906 elo
767 1841 875 1922 bricci,
908 1844 964 1906 bct
1001 1841 1110 1925 [odida
1137 1842 1272 1929 bodulli)

213 1953 350 2038 ldprelbcn
382 1952 436 2019 ruit
469 1951 603 2034 rapoto,
636 1963 697 2017 tau
725 1950 842 2032 uiderat
868 1951 924 2018 inu
948 1951 1153 2036 Stolicutldpcr
1179 1955 1273 2039 lptcdp

215 2062 283 2129 boib
304 2061 391 2130 trudt
411 2069 522 2130 uerter
545 2068 637 2145 mutq.

162 2208 206 2274 De
224 2207 366 2289 ratione,
394 2227 489 2289 quam
511 2206 613 2272 tenuit
640 2205 675 2270 in
697 2203 922 2271 constitutione
944 2212 1050 2273 textus
1078 2208 1159 2275 baec
1179 2231 1271 2295 prae-

158 2324 259 2384 monet
288 2307 467 2401 Oporinusr
491 2316 551 2398 „In
581 2335 642 2398 quo
672 2333 768 2398 opere
788 2313 874 2398 typis
897 2335 1023 2399 quoque
1051 2321 1185 2386 nostris³
1218 2323 1273 2390 de·

157 2427 336 2508 scribendo,
368 2448 433 2492 non
462 2427 567 2491 minus
595 2446 667 2492 raro
690 2424 874 2508 conjectura
896 2425 1050 2492 utendum
1072 2428 1146 2494 fuit:
1175 2451 1273 2516 saepe

157 2557 227 2604 vero
257 2537 323 2615 (ubi
350 2556 416 2601 non
443 2536 603 2620 potuimus
631 2533 772 2619 assequi)
808 2535 913 2619 ipsum
942 2537 1152 2622 archetypum
1183 2543 1273 2625 sequi

156 2647 272 2730 potius,
303 2667 397 2730 quam
420 2653 540 2713 temere
561 2646 685 2728 aliquid
706 2645 837 2726 addere,
866 2645 935 2711 sive
957 2646 1109 2714 inducere
1129 2657 1185 2715 aut
1206 2673 1272 2717 mu-

156 2763 219 2825 tare
242 2759 347 2823 iisum
370 2764 434 2824 est:
462 2757 560 2823 tutius
581 2755 616 2821 id
638 2755 721 2837 fore,
750 2775 788 2820 ac
810 2761 918 2820 nostro
942 2757 1184 2826 convenientius
1206 2783 1273 2828 mu-

155 2868 219 2934 neri
242 2867 530 2934 existimantibus“.
580 2865 619 2931 cf.
643 2866 738 2931 etiam
761 2885 844 2948 quae
867 2864 1004 2931 diximus
1026 2887 1057 2949 p.
1081 2868 1138 2934 ΙΙΙ.
1163 2878 1194 2936 et
1215 2873 1271 2938 IV.

219 3137 240 3203 2)
260 3135 338 3203 Quod
364 3151 396 3190 eo
419 3135 586 3204 probabilius
609 3134 726 3201 videtur,
749 3151 831 3203 quum
851 3134 880 3188 in
904 3135 979 3191 calce
996 3136 1137 3193 voluminis
1156 3139 1272 3195 addatur

157 3221 316 3290 opusculum
336 3223 444 3275 Aeneae
465 3220 558 3290 Sylvii,
584 3219 734 3288 praemissa
755 3219 814 3274 sola
837 3220 948 3276 Heroldi
970 3222 1199 3291 praefatiuncula,
1225 3226 1273 3281 ubi

154 3304 202 3360 ita:
220 3306 388 3375 ,‚0porinus,
407 3322 468 3359 eum
486 3305 546 3359 illos
564 3304 688 3371 (libellos)
707 3304 838 3359 excudere
855 3305 1023 3372 inchoasset,
1041 3311 1082 3361 tot
1100 3308 1213 3365 obrutus
1232 3309 1272 3365 lass

156 3391 277 3457 boribus,
303 3390 339 3443 ad
355 3397 503 3445 mercatum
520 3388 789 3454 Francot'ortensem,
811 3390 869 3458 jam
890 3390 1076 3459 praeteritum,
1100 3389 1214 3445 multum
1231 3399 1272 3447 at·

157 3491 206 3543 que
226 3474 320 3530 multis
342 3475 376 3529 de
399 3475 488 3529 causis
506 3473 650 3539 anhelans,
676 3474 814 3529 absolvere
832 3490 879 3529 eos
896 3476 1041 3544 nequivit“.
1077 3474 1180 3542 Quibus
1198 3477 1274 3530 addit

156 3560 283 3616 nonnulla
300 3575 344 3614 res
360 3559 413 3614 ill'n
430 3558 596 3628 temporibus
612 3563 702 3627 gestas
716 3561 874 3628 spectantia,
891 3561 925 3615 iis
943 3561 1048 3626 similia,
1065 3575 1134 3629 quae
1152 3575 1270 3630 exprae-

156 3643 256 3700 lutioue
273 3644 400 3699 versionis
418 3644 587 3713 germanicae
605 3661 688 3714 supra
705 3661 731 3713 p.
750 3645 807 3700 LV.
825 3645 972 3700 retulimus.

222 3763 244 3829 ³)
267 3760 387 3817 Verbum
411 3767 563 3832 „quoque“
586 3762 694 3817 minime
716 3779 777 3818 cum
795 3762 892 3818 Turrio
911 3764 946 3818 ad
970 3763 1132 3819 anteriorem
1156 3759 1273 3828 aliquam

160 3846 277 3916 ejusdem
298 3845 387 3914 operis
406 3847 550 3902 editionem
567 3847 601 3901 ab
621 3847 739 3917 Oporino
758 3847 869 3914 factam,
891 3849 939 3903 sed
962 3847 997 3903 ad
1015 3846 1114 3902 Alciati
1130 3845 1272 3901 formulam

158 3928 230 3986 Rom.
247 3931 314 4001 Imp.
333 3931 503 3988 referendum
520 3937 570 3987 est.
