2940 4808
199 306 240 369 98
494 308 629 363 DANTIS
647 307 865 364 MONAROHIA
882 307 929 361 111.
949 306 977 362 C.
996 313 1019 362 l.

200 480 298 546 habet
320 480 433 563 lucem,
455 479 517 544 nisi
532 484 626 562 prout
648 479 760 564 recipit
782 499 802 544 a
825 479 910 562 Sole,
933 480 980 545 sic
996 499 1056 546 nec
1076 478 1219 561 regimen
1241 485 1322 546 tem-

152 605 181 656 15
199 557 311 669 porale
346 582 566 648 auctoritatem
596 581 707 663 habet,
743 581 805 646 nisi
835 587 929 665 prout
964 582 1077 665 recipit
1110 600 1130 645 a
1162 580 1323 665 spirituali

180 681 362 767 sagimine.

285 784 418 867 Propter
445 783 528 848 hanc
564 789 596 849 et
624 788 753 868 propter
785 783 866 848 alias
901 802 1009 848 eorum
1038 783 1177 850 rationes
1207 783 1322 850 dissol-

201 884 332 968 vendas,
347 884 609 970 praenotandum,
626 883 720 969 quod,
739 885 820 950 siout
838 884 1090 968 Philosopho
1107 885 1215 967 placet
1232 883 1267 948 in
1282 884 1324 949 iis

202 1007 284 1071 quae
306 985 347 1051 de
369 985 550 1071 sophisticis
572 986 736 1070 Elenchis‚
770 985 908 1070 „solutio
930 985 1108 1067 argumenti
1134 991 1183 1052 est
1205 985 1322 1053 erroris

150 1105 182 1158 an
201 1087 445 1155 manifestatio.“
488 1089 529 1152 Et
559 1088 634 1170 quia
661 1109 748 1155 error
774 1091 882 1171 potest
911 1107 981 1154 esse
1008 1087 1042 1151 in
1069 1087 1205 1152 materia
1233 1086 1322 1152 etin

200 1191 302 1257 forma
328 1189 522 1272 argumenti,
552 1188 721 1272 dupliciter
747 1209 880 1273 peccare
910 1189 1076 1271 contingit:
1114 1195 1169 1254 aut
1200 1187 1325 1254 scilicet

201 1291 447 1358 adsumendo
469 1291 631 1374 falsum,
647 1297 792 1359 autnon
815 1290 1113 1374 syllogizando.
1150 1290 1241 1368 Quae
1257 1285 1323 1351 duo

201 1391 478 1475 Philosophus
508 1392 681 1476 objiciebat
709 1399 817 1459 contra
838 1393 1061 1459 Parmenidem
1090 1397 1123 1457 et
1144 1390 1321 1471 Melissum,

201 1495 324 1561 dicens:
353 1494 436 1578 „nui
457 1495 540 1560 falsa
560 1494 729 1577 recipiunt,
754 1500 785 1561 et
806 1515 869 1560 non
891 1494 1119 1579 syllogizantes
1138 1489 1244 1557 sunt.“
1281 1489 1324 1553 Et

150 1616 182 1668 25
201 1595 324 1681 accipio
347 1595 399 1660 hic
421 1596 510 1677 largo
526 1595 620 1662 modo
643 1595 805 1680 falsum,
829 1596 924 1663 etiam
939 1616 996 1680 pro
1018 1593 1218 1679 inopinabili,
1235 1591 1323 1674 quod

201 1698 234 1761 in
255 1697 391 1763 materia
404 1697 565 1781 probabili
586 1697 684 1762 habet
698 1703 843 1762 naturam
862 1697 945 1765 falsi.
984 1695 1019 1762 Si
1034 1717 1109 1762 vero
1132 1696 1172 1760 in
1194 1696 1322 1762 forma

201 1799 242 1864 sit
264 1802 444 1882 peccatum,
477 1798 636 1864 conclusio
658 1799 869 1866 interimenda
901 1803 949 1866 est
971 1800 1012 1864 ab
1034 1799 1091 1866 illo
1114 1798 1168 1880 qui
1193 1798 1323 1864 solvere

201 1900 286 1983 vult,
319 1899 515 1966 ostendendo
544 1900 677 1966 formam
707 1900 938 1985 syllogisticam
966 1921 1029 1966 non
1057 1920 1128 1966 esse
1150 1904 1321 1965 servatam.

202 1999 237 2066 Si
259 2022 335 2067 vero
358 2006 523 2084 peceatum
546 1986 600 2066 sit
621 2002 660 2065 in
681 2003 866 2085 materia,
895 2007 950 2066 aut
979 2007 1028 2068 est
1057 2003 1133 2084 quia
1160 2001 1320 2086 simpli-

150 2102 303 2170 inciter
324 2102 440 2168 falsum
462 2102 665 2188 adsumptum
689 2108 751 2187 est,
780 2108 835 2168 aut
857 2103 933 2183 quia
954 2103 1070 2168 falsum
1099 2101 1321 2169 secundum

202 2203 305 2286 quid.
351 2202 386 2268 Si
409 2204 609 2288 simpliciter,
632 2225 690 2290 per
711 2205 987 2290 interemptionem
1010 2204 1171 2288 adsumpti
1194 2205 1320 2270 solven-

201 2307 276 2372 dum
299 2311 362 2389 est3
386 2306 415 2370 si
437 2304 609 2372 seeundum
632 2305 723 2390 quid,
749 2327 808 2390 per
830 2306 1072 2372 distinctionem.

230 2543 250 2574 ¹¹
268 2542 301 2595 A.
321 2541 351 2594 F.
370 2541 407 2594 Μ.
427 2541 459 2594 V.
480 2544 507 2594 et
525 2540 598 2595 editt.
619 2558 733 2613 repnnm

269 2626 418 2697 tenmoraie
442 2657 476 2664 -
498 2625 638 2693 Sequimur
656 2627 732 2682 codd.

268 2712 302 2765 H.
321 2712 352 2764 L.
371 2711 402 2765 P.

230 2797 259 2862 ¹¹,
275 2796 336 2849 ¹¹F.
354 2798 394 2850 sie
412 2802 438 2849 et
454 2811 568 2866 reqnnm
586 2795 735 2866 temporale

270 2882 457 2935 anctoritatem
475 2896 528 2933 non
547 2878 628 2933 lrabet
652 2911 683 2918 —
701 2879 735 2936 V.

270 2980 303 3019 ex
322 2965 487 3020 correctione
511 2966 550 3017 sic
572 2981 622 3019 nee
638 2967 736 3037 recipit

269 3065 345 3119 reyn.
366 3056 444 3119 temp.
464 3055 568 3104 nector.
586 3048 736 3105 nonhabet

271 3163 300 3171 —
311 3132 392 3187 Pria
409 3149 459 3187 nee
476 3150 552 3204 reqn.
572 3140 652 3206 temp.
662 3140 734 3190 anet.

269 3216 421 3272 nonhabet

231 3301 299 3354 17Ρ.
320 3300 356 3354 Et
368 3307 488 3371 propter
505 3300 576 3356 bane

230 3387 252 3419 ¹⁸
268 3385 300 3438 F.
312 3385 344 3439 L.
359 3386 579 3455 praenotandam
590 3393 629 3440 est
644 3386 719 3455 qnod

131 3466 133 3471 ’
228 3473 250 3506 ²¹
268 3471 299 3525 P.
313 3486 432 3541 perrara
449 3472 582 3540 eontinpit

228 3558 252 3590 ²¹
269 3556 300 3609 F.
316 3554 345 3608 P.
364 3560 413 3610 ant
429 3554 667 3609 simulando-A.
687 3562 734 3609 ant

270 3657 361 3694 oerum
387 3638 548 3693 simulanda.
575 3669 609 3677 -
635 3637 666 3691 V.
692 3643 735 3703 (ex

270 3729 393 3789 correct.)
411 3730 460 3777 ant
476 3739 531 3777 non
549 3723 630 3777 simii.

812 2541 835 2573 ¹³
851 2540 885 2593 H.
904 2540 1026 2595 Melisem
1040 2538 1224 2612 philosophos

812 2625 834 2657 ¹¹
852 2624 884 2678 F.
903 2626 978 2695 qnod
992 2626 1069 2695 salsa
1086 2628 1169 2697 recia.

870 2709 900 2762 P.
932 2717 958 2764 et
983 2711 1170 2782 sillopiznntes
1196 2714 1261 2763 serit
1289 2741 1323 2748 -

854 2793 885 2846 F.
905 2794 937 2846 H.
958 2801 984 2849 et
1007 2812 1061 2848 non
1079 2795 1239 2849 simulantes
1257 2800 1324 2848 snnt

814 2879 837 2911 ¹⁵
855 2878 893 2931 M.
904 2881 1010 2949 accipio
1028 2880 1079 2935 hoc
1097 2880 1175 2950 larqo
1194 2877 1275 2932 modo
1290 2909 1323 2917 -

854 2963 887 3014 A.
907 2962 938 3016 V.
957 2981 1013 3019 acc.
1033 2965 1111 3036 torpa
1129 2962 1208 3017 modo

871 3048 901 3101 P.
921 3049 1083 3119 inopinabili
1104 3054 1130 3104 et
1154 3050 1182 3103 in
1205 3050 1325 3103 materia

813 3132 837 3166 ²¹
854 3132 928 3186 Editi
963 3149 1070 3199 omnes,
1104 3134 1199 3202 supino
1229 3149 1324 3188 errore

855 3217 1069 3272 hebetnatnram
1082 3218 1241 3289 syllopirmi.
1257 3218 1322 3272 Fal-

856 3318 913 3356 sam
946 3302 1089 3357 lectionem
1120 3303 1177 3371 jam
1209 3302 1324 3357 Ficinus

852 3387 942 3442 habet.

811 3473 833 3506 ³¹
851 3473 884 3525 A.
914 3489 968 3543 per
999 3473 1250 3542 interpretationem
1279 3488 1324 3526 as-

852 3560 955 3628 sumpti
980 3589 1011 3596 —
1041 3556 1074 3609 H.
1098 3556 1130 3609 L.
1153 3574 1208 3628 per
1231 3559 1322 3612 inten-

854 3643 952 3696 tionem
970 3658 1022 3696 ass.

812 3726 835 3759 ³²
852 3726 885 3779 H.
904 3744 953 3792 per
970 3726 1164 3781 districtionem

273 3943 503 3998 ¹⁸A1t1sr0rnnns
529 3949 595 4014 Περὶ
622 3947 789 4015 σοφιστικῶν
815 3943 932 4015 ἐλέγχων
958 3947 991 3999 Π.
1017 3953 1041 4001 3.
1081 3942 1115 3997 “H
1145 3943 1215 4016 ὀρθὴ
1244 3946 1325 4005 λύσις

207 4009 214 4028 ’
237 4009 350 4080 adrian
368 4013 485 4077 ψευδοῦς
504 4014 694 4082 συλλογισμοῦ.
764 4014 996 4069 ²³Aa1snonnnns
1013 4014 1162 4084 Physica
1179 4015 1213 4068 Π.
1236 4016 1268 4069 Τ.
1290 4022 1323 4070 10

270 4254 274 4264 .
296 4219 350 4267 125.

238 4079 306 4133 ectio
326 4085 360 4133 5.t
396 4081 530 4134 Translat.
550 4082 672 4150 antiqua:
691 4081 882 4147 „Parmenides
900 4084 1058 4137 etldelissus
1074 4083 1221 4151 sophistice
1239 4084 1324 4153 syllo-

112 4212 115 4219 .
201 4153 299 4268 {rffint
317 4162 432 4215 namque
449 4149 520 4203 falsa
537 4151 679 4218 recipiunt,
697 4153 724 4203 et
741 4166 795 4204 non
814 4151 1001 4220 syllogizantes
1020 4155 1109 4206 sunt.“
1141 4150 1180 4205 Cf.
1199 4152 1325 4207 Parad.
