2940 4808
317 305 451 359 DANTIS
469 304 689 359 MONARCIIIA
705 304 754 356 III.
774 303 801 357 C.
823 307 862 356 12.
883 307 944 368 (11.)
1137 298 1196 359 125

52 534 53 539 ,
76 484 148 546 sunt
170 478 263 544 unius
285 477 426 560 generis,
450 477 640 545 reducuntur
662 476 705 540 ad
726 497 838 556 unum,
870 474 956 556 quod
979 481 1028 540 est
1049 494 1197 540 mensura

75 580 216 649 omnium
238 600 320 661 quae
343 582 401 646 sub
424 580 480 647 illo
502 599 617 664 genere
640 585 720 644 sunt.
759 577 824 644 Sed
839 597 949 644 omnes
965 577 1109 643 homines
1125 582 1196 642 sunt

74 682 167 749 unius
195 682 336 764 generis:
366 701 441 764 ergo
470 682 589 748 debent
622 680 732 746 reduci
760 679 802 744 ad
829 700 939 762 unum,
969 684 1132 760 tamquam
1155 677 1230 744 adu

74 804 255 851 mensuram
284 784 423 849 omnium
458 804 575 849 eorum.
626 785 668 848 Et
696 802 792 863 quum
825 800 966 846 summus
994 781 1137 848 Antistes
1166 787 1198 849 et

77 887 252 971 Imperator
281 885 344 950 sint
372 886 532 968 homines,
563 886 590 951 si
619 883 778 951 conclusio
800 883 858 947 illa
880 889 929 949 est
950 903 1043 965 vera,
1074 892 1198 970 oportet

78 986 163 1070 quod
184 987 376 1053 reducantur
398 987 440 1051 ad
461 1008 557 1052 unum
579 986 747 1052 hominem.
786 984 828 1048 Et
850 1004 945 1065 quum
960 985 1051 1070 Papa
1072 1007 1136 1052 non
1157 987 1198 1051 sit

76 1088 276 1157 reducendus
298 1088 340 1153 ad
363 1089 469 1172 alium,
492 1089 694 1171 relinquitur,
719 1087 804 1168 quod
825 1089 1015 1171 Imperator,
1040 1108 1110 1153 cum
1133 1110 1196 1155 om-

77 1191 171 1257 nibus
193 1190 276 1273 aliis,
301 1191 342 1256 sit
363 1190 561 1256 reducendus
575 1189 618 1254 ad
639 1190 753 1275 ipsum,
777 1197 939 1271 tamquam
961 1189 1004 1254 ad
1018 1210 1198 1257 mensuram
1219 1195 1249 1246 10

80 1297 112 1359 et
132 1292 291 1376 regulam3
321 1298 451 1378 propter
474 1291 559 1373 quod
581 1292 724 1373 sequitur
746 1291 843 1358 etiam
865 1291 950 1358 idem
970 1292 1056 1372 quod
1078 1294 1197 1360 volunt.

164 1393 217 1460 Ad
237 1396 320 1461 hano
340 1395 497 1460 radonem
512 1391 716 1476 solvendam,
740 1393 826 1475 dico,
850 1392 936 1475 quod
957 1413 1053 1475 quum
1076 1393 1198 1460 dicunt:

77 1495 136 1578 Ea,
160 1515 241 1577 quae
263 1502 335 1562 sunt
356 1495 448 1561 unius
464 1495 598 1577 generis,
623 1500 747 1578 oportet
768 1494 878 1560 reduci
893 1495 935 1560 ad
950 1495 1081 1577 aliquod
1103 1517 1199 1563 unum

79 1597 120 1662 de
142 1597 198 1663 illo
220 1617 345 1681 genere,
369 1595 454 1679 quod
478 1601 526 1661 est
548 1600 683 1662 metrum
705 1597 738 1660 in
760 1597 840 1682 ipso,
865 1617 975 1663 verum
997 1597 1114 1664 dicunt.
1158 1599 1199 1663 Et

79 1697 225 1764 similiter
247 1720 358 1765 verum
387 1698 511 1782 dicunt,
535 1699 692 1782 dieentes,
716 1698 802 1779 quod
825 1719 934 1764 omnes
956 1699 1102 1766 homiues
1128 1705 1200 1766 sunt
1219 1705 1248 1756 15

77 1799 170 1864 unius
191 1801 324 1883 generis.
363 1800 404 1865 Et
426 1800 572 1867 similiter
589 1822 699 1867 verum
722 1799 921 1883 concludunt,
945 1820 1041 1882 quum
1063 1803 1200 1870 inferunt

78 1923 119 1968 ex
140 1901 199 1985 his,
222 1923 332 1969 omnes
354 1903 497 1968 homines
520 1922 590 1968 θεεθ
612 1903 810 1970 reducendos
825 1901 866 1966 ad
890 1922 986 1966 unum
1008 1910 1143 1970 metrum
1166 1907 1200 1970 in

77 2023 135 2070 suo
157 2021 283 2085 genere.
329 2002 394 2070 Sed
423 2024 518 2085 quum
548 2025 588 2070 ex
618 2005 679 2070 hac
708 2003 908 2071 conclusione
937 2005 1135 2071 subinferunt
1158 2007 1199 2073 de
1229 2077 1232 2082 ,

78 2106 169 2190 Papa
192 2109 224 2171 et
245 2106 453 2190 Imperatore,
476 2106 628 2171 falluntur
650 2105 823 2172 secundum
846 2106 1002 2172 accidens

162 2206 215 2271 Ad
237 2208 327 2291 cujus
350 2206 542 2274 evidentiam
565 2207 744 2291 sciendum,
769 2207 855 2290 quod
870 2207 958 2272 aliud
980 2214 1029 2274 est
1051 2229 1121 2277 esse
1143 2211 1198 2277 ho·
1217 2214 1249 2266 20

78 2309 204 2392 minem,
228 2313 260 2376 et
281 2308 370 2373 aliud
392 2315 441 2376 est
464 2329 534 2377 esse
549 2311 679 2393 Papam.
717 2311 758 2374 Et
781 2308 895 2376 eodem
910 2308 1015 2393 modo,
1039 2311 1128 2376 aliud
1150 2319 1199 2380 est

34 2486 35 2489 Ἴ
78 2431 150 2479 θεεθ
172 2411 347 2494 hominem,
371 2409 460 2475 aliud
483 2430 554 2477 θεεθ
575 2412 819 2496 Imperatorem3
844 2411 924 2475 siout
944 2411 1034 2476 aliud
1056 2417 1104 2479 est
1126 2434 1198 2480 θεεθ
1233 2466 1235 2470 .

77 2513 248 2598 hominem,
272 2512 361 2578 aliud
383 2532 454 2579 esse
468 2518 591 2597 patrem
614 2519 646 2580 et
660 2498 837 2579 dominum:¹
860 2513 954 2579 homo
977 2514 1061 2579 enim
1084 2515 1196 2599 estid,

33 2699 36 2702 ¹
79 2617 166 2700 quod
194 2620 243 2684 est
271 2635 329 2700 per
351 2615 484 2680 formam
513 2615 844 2698 substantialem,
874 2635 1047 2699 perquam
1071 2616 1198 2683 sortitur

120 2869 131 2901 ⁷
148 2867 181 2922 F.
199 2869 225 2921 si
240 2883 306 2937 erpo
323 2866 372 2920 tlte
389 2874 429 2920 θεῖ
446 2883 511 2921 uere

122 2952 133 2984 ²
150 2952 183 3006 A.
201 2952 337 3022 reliquum
355 2951 430 3022 quod
446 2950 516 3022 Imp.
531 2981 565 2990 -
580 2951 610 3004 P.

145 3036 252 3108 relique
270 3037 345 3107 quod
353 3036 423 3107 Imp.
436 3068 466 3076 —
477 3037 515 3090 M.
524 3037 613 3106 refert

93 3143 96 3146 ⁴
146 3122 221 3194 qued
237 3121 307 3192 imp.

107 3209 128 3241 ¹¹
145 3206 184 3260 M.
202 3207 326 3276 sequitur
344 3207 424 3259 etrum
442 3204 471 3258 r'd
489 3204 563 3274 quod
579 3234 612 3242 -

145 3290 176 3344 P.
194 3291 317 3360 sequitur
343 3292 423 3344 etrum
450 3289 520 3343 r'llud
540 3288 614 3360 qued

145 3405 181 3415 -
202 3374 234 3428 L.
252 3391 328 3444 sequ.
346 3377 428 3429 etium
445 3374 521 3429 illum
539 3374 614 3445 quod

145 3489 180 3500 -
197 3460 231 3513 A.
248 3475 323 3529 sequ.
342 3461 422 3514 etiem
441 3459 516 3529 quod
531 3489 565 3500 -
579 3459 611 3512 F.

145 3560 220 3615 sequ.
247 3545 327 3598 etiem
360 3544 457 3598 ilerdem
491 3548 614 3614 sequitur

147 3628 222 3700 qued

107 3715 130 3748 ¹³
146 3719 255 3786 opertet
270 3712 377 3778 reduci,
402 3710 474 3780 quod
491 3711 612 3781 reposui·

145 3813 221 3862 mue,
257 3796 361 3851 codices
394 3812 487 3851 omnes
510 3796 612 3850 habent

146 3887 174 3937 et
199 3883 325 3952 princeps
352 3881 471 3949 liperici.
518 3881 611 3935 Poste·

146 3966 232 4022 riores
251 3967 324 4021 editt.
341 3982 430 4022 errore
447 3967 612 4036 typothetae,

147 4053 189 4107 uti
204 4053 316 4117 ridetur,
335 4058 472 4124 oporteret
490 4050 555 4105 duci

109 4138 129 4170 ¹⁴
147 4136 178 4191 P.
196 4137 271 4207 quod
286 4144 325 4190 est
342 4144 456 4190 metrum
474 4135 507 4189 de
524 4137 584 4206 apso

107 4223 129 4256 ¹³
147 4221 178 4275 F.
197 4221 234 4276 lu
250 4223 308 4276 sum.
327 4224 406 4276 etiem
425 4237 517 4275 uerum

692 2867 712 2899 ¹⁷
730 2866 760 2920 P.
779 2868 901 2928 urserunt
918 2867 998 2920 etium
1016 2868 1044 2920 r'u
1062 2865 1104 2920 dis

749 2952 782 3004 M.
795 2967 886 3005 emrees
899 2949 1020 3005 homiues
1030 2949 1198 3005 reducendos

692 3039 714 3071 ¹⁸
731 3036 761 3090 F.
780 3037 818 3089 Μ.
836 3037 1007 3106 subiufertur
1024 3036 1057 3090 de
1075 3035 1156 3107 Papa

690 3122 712 3155 ²¹
731 3122 765 3174 A.
782 3121 813 3174 P.
831 3137 888 3175 θεεθ
906 3119 1046 3186 demerem,
1065 3119 1143 3174 eliud
1159 3125 1199 3174 est

691 3208 714 3240 ²²
731 3207 766 3260 Η.
785 3206 816 3259 P.
835 3204 868 3258 V.
896 3206 974 3259 eliud
996 3212 1036 3258 est
1059 3221 1117 3259 esse
1143 3206 1197 3260 lm-

727 3298 886 3363 peratoreru

749 3376 826 3430 eliud
843 3381 883 3428 est
900 3391 957 3428 esse
966 3373 1109 3435 honerarem,
1128 3374 1199 3442 quod

731 3460 760 3514 in
777 3464 881 3514 textum
899 3459 1081 3522 restituImuS‚
1098 3459 1199 3513 habent

731 3546 765 3599 Η.
777 3545 814 3598 M.
831 3545 862 3598 Ρ.
873 3543 905 3597 V.
925 3548 952 3596 θῖ
969 3543 1043 3597 editt.
1062 3543 1197 3612 antiquae.

731 3661 763 3669 -
797 3638 837 3684 θεῖ
863 3628 1031 3682 desideratur
1057 3627 1085 3680 in
1112 3628 1144 3681 L.
1171 3631 1199 3682 θῖ

731 3716 804 3785 apud
822 3713 985 3767 recenti0res

690 3800 713 3832 ²³
729 3799 762 3852 1..
772 3800 803 3853 P.
822 3806 848 3851 et
865 3797 943 3851 eliud
960 3806 1000 3851 θεῖ
1017 3813 1075 3852 θεεθ
1087 3803 1197 3869 petrem

731 3911 764 3919 -
790 3880 821 3933 F.
848 3880 882 3932 H.
908 3882 942 3934 V.
973 3882 1050 3938 eliud
1074 3889 1115 3936 θεῖ
1140 3899 1198 3936 esse

725 3971 836 4037 petrem

747 4050 786 4104 M.
800 4057 910 4122 petrem
928 4050 972 4105 uel
987 4051 1123 4106 domiuum

690 4136 712 4168 ²²
731 4135 763 4188 V.
777 4152 832 4206 per
848 4136 968 4205 formem
986 4134 1198 4190 substantialiter
