2940 4808
218 305 278 368 136
466 307 601 363 DANTIS
620 306 839 363 MONARGHIA
856 307 903 360 ΙΙΙ.
924 307 953 361 c.
975 312 1013 361 ts.
1032 311 1094 372 (15.)

166 501 197 553 10
300 478 352 543 Ad
381 479 476 562 hujus
505 484 611 544 autem
638 478 883 562 intelligentiam
913 477 1091 560 sciendum,
1128 477 1213 560 quod
1242 477 1341 545 homo

216 581 303 646 solus
325 581 359 644 in
382 581 508 646 entibus
536 586 624 647 tenet
653 581 792 646 modium
822 579 1074 662 corruptibilium
1097 585 1129 644 et
1150 579 1339 664 incorrupti-

215 681 342 766 bilium,
371 686 503 766 propter
532 683 617 763 quod
648 687 733 748 recte
763 681 1005 766 aphilosophis
1029 680 1230 746 adsimilatur
1252 682 1338 748 hori-

215 783 309 866 zonti,
333 783 387 865 qui
409 790 458 849 est
473 783 613 849 medium
630 784 763 850 duorum
779 783 1093 868 hemisphaeriorum.
1131 783 1214 848 Nam
1232 785 1340 867 homo,

216 886 243 951 si
267 884 482 951 consideretur
504 885 677 951 secundum
699 890 865 966 utramque
888 889 1012 968 partem
1035 885 1254 968 essentialem,
1279 887 1339 951 sci-

79 1065 81 1071 ,
168 996 197 1045 15
217 987 292 1053 licet
320 987 459 1051 animam
494 992 526 1052 et
558 1009 686 1072 corpus:
720 985 933 1068 corruptibilis
962 991 1027 1068 est,
1062 986 1089 1051 si
1123 986 1342 1053 consideretur

216 1093 339 1153 tantum
369 1088 540 1153 secundum
569 1110 679 1172 unam,
710 1089 831 1154 scilicet
853 1106 982 1171 corpus,
1013 1087 1041 1151 si
1064 1107 1139 1154 vero
1162 1087 1341 1154 secundum

216 1191 366 1272 alteram,
396 1190 517 1255 seilicet
539 1191 693 1273 animam,
723 1188 970 1272 incorruptibilis
993 1194 1050 1254 θεῖ.
1096 1191 1229 1273 Propter
1252 1189 1341 1270 quod

217 1291 587 1374 beuePhilosophus
609 1292 712 1372 inquit
734 1291 774 1357 de
797 1291 876 1375 ipsa,
899 1296 993 1374 prout
1015 1291 1263 1374 incorruptibilis
1280 1296 1341 1375 est,

217 1392 249 1457 in
272 1391 411 1458 secundo
434 1391 474 1457 de
496 1393 621 1476 Anima,
646 1412 741 1473 quum
764 1393 859 1457 dixit:
893 1392 954 1474 „ut
976 1392 1078 1457 solum
1101 1394 1161 1458 hoo
1186 1392 1343 1474 contingit

168 1502 200 1554 20
219 1495 376 1579 separari,
399 1498 562 1575 tamquam
583 1499 786 1578 perpetuum,
809 1515 830 1559 a
852 1492 1079 1577 corruptibili.“

305 1593 340 1659 Si
368 1614 443 1677 ergo
472 1597 566 1661 homo
595 1594 734 1660 medium
764 1595 925 1677 quoddam
955 1599 1004 1659 est
1033 1595 1286 1679 corruptibilium
1308 1603 1343 1662 et

217 1697 519 1780 incorruptibilium,
543 1718 638 1779 quum
662 1718 754 1763 omne
777 1696 918 1762 medium
940 1696 1045 1780 sapiat
1067 1701 1212 1761 naturam
1235 1702 1341 1763 extre-

218 1819 354 1879 morum3
391 1818 522 1864 neccsse
551 1804 613 1881 est,
650 1800 810 1865 hominem
839 1818 952 1882 sapere
988 1804 1156 1878 utramque
1182 1804 1342 1868 naturam.

247 1992 269 2023 ¹⁰
285 1990 323 2043 M.
350 1990 487 2045 sciendum
511 1996 550 2042 eti
575 1991 648 2059 quod
674 1989 752 2045 boore

286 2105 319 2114 -
336 2074 367 2127 P.
387 2081 425 2128 est
442 2074 542 2129 scienti.
559 2075 634 2144 quod
650 2075 728 2129 bomo

247 2162 266 2192 ¹¹
284 2160 375 2213 Verba
393 2164 418 2212 et
436 2160 682 2230 incorruptibilium
698 2176 752 2214 non

871 1990 988 2044 secondo
1006 1990 1028 2043 ii
1036 2004 1119 2060 corpo
1137 1991 1342 2059 eeorruttibile,

870 2075 986 2128 secondo
1004 2074 1115 2127 Porrima
1133 2091 1187 2128 rrort
1212 2079 1343 2130 corruiti-

871 2160 939 2222 bile,·
949 2174 1035 2227 neque
1045 2157 1123 2212 aliter
1131 2160 1264 2228 interpres
1274 2176 1342 2215 ano-

286 2244 411 2312 leguntnr
428 2244 456 2296 in
474 2245 506 2296 A.
525 2244 557 2296 F.
576 2250 603 2297 et
620 2245 649 2297 P.
869 2260 972 2313 nymus,
993 2243 1070 2311 cujus
1086 2243 1265 2310 fragmentum
1284 2245 1341 2298 edi-

248 2330 269 2362 ¹²
286 2330 317 2382 F.
342 2334 414 2383 reete
434 2327 617 2399 Philosophus
641 2331 751 2384 orisinri·
870 2328 909 2382 dit
919 2328 1031 2381 Turrius
1051 2327 1174 2394 lenonio,
1193 2345 1222 2382 se
1238 2331 1265 2382 si
1278 2346 1342 2383 eort-

289 2413 361 2466 lotor
574 2470 575 2473 ,
871 2413 961 2467 sidere
986 2412 1102 2466 secondo
1121 2413 1193 2466 lurra
1217 2430 1232 2467 e
1250 2413 1343 2468 delira

249 2499 269 2530 ¹¹⁵
286 2497 398 2561 Locum,
411 2498 582 2566 caeteroquin
593 2498 659 2552 satis
674 2514 751 2566 aper·
867 2506 951 2569 parre
968 2498 1124 2563 essentiale,
1150 2498 1207 2552 eici
1223 2500 1342 2553 secondo

286 2589 352 2644 tum,
370 2581 435 2634 mire
454 2586 609 2650 corruptum
627 2582 754 2636 exhibent
874 2582 982 2636 ranna
1002 2580 1154 2652 eiieorpo:
1174 2584 1343 2638 corruitibile

288 2666 362 2720 codd.
398 2666 443 2719 Nil
460 2667 510 2721 nisi
528 2667 620 2729 bomo,
644 2669 669 2721 si
689 2683 752 2720 cori-

287 2751 421 2804 sidereiur
437 2752 583 2806 seeundum
608 2759 659 2804 rrtr.
675 2760 751 2822 port.

287 2836 450 2890 essentsoil.
465 2838 582 2889 artiorem
601 2844 626 2889 et
644 2853 752 2907 eorpus,

287 2921 473 2988 corruptibilis
496 2930 534 2973 est
553 2921 652 2974 habent
669 2921 702 2973 Η.
721 2921 751 2974 L.

287 3004 325 3059 M.
344 3036 378 3043 —
402 3007 428 3058 si
444 3005 631 3059 eorrsr'deretcr
649 3012 752 3058 tontum

287 3089 432 3142 secundom
455 3106 550 3151 terram,
576 3090 678 3144 scilieet
704 3095 753 3153 (se-

288 3173 405 3226 condum
429 3171 552 3226 inserunt
581 3173 667 3238 editt>
695 3175 752 3227 (trti-

872 2667 899 2730 θ,
919 2667 975 2720 eici
998 2681 1027 2718 se
1044 2665 1160 2719 secondo
1178 2667 1200 2721 il
1217 2684 1302 2738 corpo
1328 2670 1343 2722 d

873 2751 1058 2814 eorrsr'deroto;
1093 2751 1210 2805 secondo
1242 2752 1342 2818 labra,

872 2837 928 2890 cici
946 2835 1070 2896 Porrima,
1096 2836 1109 2885 i
1134 2837 1342 2891 incorrectibile.

873 2919 992 2986 Quorum
1017 2920 1134 2988 vestigiis
1160 2922 1342 2989 inhaerentes,

872 3020 940 3074 qnae
969 3020 1066 3072 corpus
1094 3007 1270 3074 corruptibile
1297 3024 1341 3062 re·

873 3089 1004 3158 spiciunt,
1023 3089 1155 3157 probante
1174 3091 1342 3158 Fraticellio,

870 3173 927 3242 jam
946 3172 1046 3226 dudum
1064 3172 1223 3229 addidimus.

287 3272 366 3317 marr,
378 3258 592 3327 incorruptibilis
602 3264 641 3311 est
651 3259 754 3312 addunt

288 3341 320 3393 A.
344 3340 375 3392 F.
400 3341 430 3393 P.
449 3342 482 3394 V.
518 3372 549 3380 —
577 3341 687 3395 Ficinns
713 3344 753 3395 ita

287 3425 387 3479 reddit:
410 3441 440 3479 se
459 3425 554 3478 larome
571 3429 597 3479 si
610 3427 753 3480 eorrsirlern

287 3510 404 3566 secondo
416 3550 490 3562 .....
509 3511 600 3562 (arima
619 3527 633 3562 e
651 3526 752 3581 corpo;

834 3259 855 3291 ¹⁸
872 3259 909 3312 M.
926 3266 952 3311 et
968 3259 1079 3312 Ficinus
1098 3259 1186 3326 inquit
1204 3260 1237 3312 de
1255 3263 1317 3331 ipsa

831 3344 862 3407 ²¹,
882 3344 905 3375 2²
924 3343 1013 3397 Verba
1037 3349 1063 3396 et
1093 3345 1342 3414 incorruptibilium

872 3426 1057 3481 desiderantur
1074 3428 1101 3481 in
1119 3428 1152 3480 A.
1170 3429 1200 3481 P.

287 3669 359 3739 Cap.
378 3670 461 3725 XVI.
500 3671 520 3703 ¹²
537 3670 858 3727 Psnuno-Arusrornnns
871 3673 921 3737 (Cf.
932 3674 1030 3727 Notam
1049 3675 1084 3727 ad
1104 3690 1162 3742 cap.
1176 3679 1212 3727 11.
1231 3675 1293 3729 libri
1307 3676 1340 3742 lq

219 3737 246 3792 iu
265 3737 334 3792 libro
354 3738 418 3802 „De
437 3740 576 3792 causis“
595 3740 706 3808 Propos.
723 3746 746 3792 9.
767 3741 964 3810 „Intelligentia
984 3742 1184 3811 comprehendit
1201 3751 1340 3811 generata,

219 3813 246 3860 et
263 3813 402 3869 naturam,
427 3814 454 3859 et
472 3808 690 3861 horizontem
709 3816 837 3872 naturae,
862 3811 964 3863 scilicet
983 3811 1112 3874 animam,
1138 3826 1200 3863 nam
1219 3811 1279 3879 ipsa
1298 3819 1342 3867 cst

220 3889 302 3942 supra
321 3879 444 3928 naturam
456 3881 471 3903 “
545 3876 775 3930 19Αειεεοεθῖεε
794 3878 841 3931 De
859 3879 970 3931 anima
987 3878 1049 3931 Lib.
1069 3878 1103 3931 ΙΙ.
1127 3894 1184 3946 cap.
1204 3883 1227 3931 2.
1246 3879 1277 3933 T.
1297 3886 1341 3935 21.

219 3943 291 4004 (leot.
310 3948 345 4006 4.)
363 3943 450 3997 versio
468 3949 544 3997 vetus
563 3944 621 4008 „De
638 3945 776 3998 intellectu
794 3953 883 3998 antem
901 3950 929 3999 et
946 3946 1113 4014 perspectiva
1131 3947 1253 4015 potentia
1271 3949 1342 4002 nihil

219 4009 307 4063 adhuc
324 4011 495 4064 manifestum
515 4016 571 4073 est,
597 4012 643 4066 sed
666 4012 771 4066 ridetur
788 4029 871 4080 genus
897 4014 1009 4067 alterum
1027 4015 1132 4068 animae
1150 4030 1221 4081 essc;
1242 4021 1269 4069 θῖ
1285 4017 1340 4071 hoc

220 4078 305 4131 solnm
324 4079 454 4158 contingit
472 4079 600 4147 separari,
620 4081 690 4135 sicut
702 4085 848 4145 aeternum,
866 4097 883 4134 a
902 4082 1078 4149 corruptibili.
1106 4083 1235 4151 Reliquae
1247 4091 1340 4138 autem

218 4153 310 4266 parpes
336 4161 440 4266 aprinae
462 4148 633 4201 manifestum
660 4163 693 4202 ex
716 4149 772 4212 his,
800 4149 871 4217 quod
898 4165 952 4202 non
977 4150 1141 4217 separabiles
1165 4158 1241 4217 sunt,
1267 4153 1341 4206 sicut

220 4229 265 4282 qur
285 4229 328 4266 am
364 4220 464 4267 reunt.·‘
