2940 4808
204 310 242 373 18
462 311 598 370 ouans
615 311 834 368 MONARcfflA
850 313 872 367 1.
892 312 921 368 c.
943 317 981 366 rr.
1000 315 1063 379 (ra).

286 486 445 566 Quantum
460 504 535 567 ergo
551 485 593 551 ad
608 485 723 550 habit
732 505 800 569 um,
816 470 938 551 iristitia
953 485 1206 552 contrarietatem
1222 486 1325 552 habet

202 587 391 669 quandoque
418 586 453 652 in
467 588 594 671 velle3
628 607 702 652 nam
723 588 779 653 ubi
801 588 950 654 voluntas
972 587 1013 652 ab
1037 586 1122 654 omni
1144 587 1325 672 cupiditate

200 690 324 756 sincera
344 710 407 756 non
429 694 491 774 est,
520 689 580 757 etsi
599 689 684 755 adsit
704 689 841 774 iustitia,
869 710 932 756 non
959 695 1066 756 tamen
1089 689 1216 756 omnino
1237 690 1325 758 inest

200 791 234 856 in
254 791 378 874 fulgore
400 810 476 856 suae
497 791 654 876 puritatis,
677 791 775 857 habet
790 791 874 857 enim
889 790 1075 874 subiectum,
1090 791 1166 857 licet
1180 791 1323 878 minime,

151 911 183 962 ao
201 893 384 974 aliqualiter
397 896 504 957 tamen
519 893 581 958 sibi
595 892 760 977 resistens;
776 897 906 979 propter
920 893 1007 975 quod
1018 894 1098 959 bene
1113 893 1323 978 repelluntur,

202 995 256 1076 qui
276 993 413 1060 iudicem
435 994 620 1079 passionarc
642 999 803 1060 conantur.
847 995 1007 1075 Quantum
1021 1015 1097 1061 vero
1113 994 1157 1059 ad
1178 1016 1319 1080 opera-

200 1097 357 1180 tionem,
379 1096 502 1161 iustitia
523 1096 778 1162 contrarietatem
797 1097 894 1164 habet
915 1097 948 1160 in
968 1116 1102 1182 posse;
1125 1117 1200 1162 nam
1223 1115 1321 1178 quum

199 1198 321 1265 iustitia
343 1197 385 1263 sit
407 1197 506 1263 virtus
528 1196 571 1261 ad
592 1199 742 1280 alterurn,
766 1198 834 1264 sine
854 1198 998 1283 potentia
1021 1197 1182 1264 tribuendi
1205 1199 1321 1280 cuique

201 1299 287 1382 quod
308 1319 397 1365 suum
420 1306 483 1383 est,
513 1299 671 1380 quomodo
700 1300 770 1381 quis
799 1299 981 1385 operabitur
1011 1299 1182 1365 secundum
1204 1299 1321 1365 illam?

83 1420 93 1437 *
150 1422 181 1472 aa
199 1402 250 1468 lix
272 1420 334 1483 quo
355 1405 452 1486 patet,
476 1399 563 1483 quod
584 1407 702 1482 quanto
723 1401 823 1466 iustus
845 1401 1019 1486 potentior,
1041 1404 1130 1466 tanto
1152 1399 1186 1463 in
1208 1419 1321 1485 opera

200 1504 286 1571 tione
309 1521 367 1568 sua
387 1502 509 1568 iustitia
531 1503 590 1570 erit
611 1502 755 1587 amplior.

284 1603 334 1670 Ex
348 1605 409 1670 hac
425 1604 534 1687 itaque
544 1604 757 1672 declaratione
772 1603 818 1669 sio
832 1610 996 1686 arguatur:
1010 1603 1136 1668 Iustitia
1149 1602 1321 1686 potissima

199 1713 248 1774 est
268 1706 302 1772 in
322 1707 454 1791 mundo,
484 1705 610 1789 quando
639 1705 856 1773 volentissimo
878 1711 910 1773 et
931 1705 1150 1791 potentissimo
1173 1704 1320 1771 subiecto

198 1808 295 1875 inest:
324 1808 503 1874 huiusmodi
529 1809 615 1874 solus
636 1808 810 1874 Monarcha
837 1812 900 1892 est;
930 1825 1006 1888 ergo
1035 1807 1095 1874 soli
1122 1806 1320 1874 Monarchae

147 1926 180 1976 40
197 1908 346 1975 insistens
368 1909 496 1993 iustitia,
519 1908 552 1974 in
567 1908 683 1975 mundo
698 1909 865 1993 potissima
880 1912 935 1975 est.
973 1909 1036 1976 Iste
1051 1907 1320 1993 prosyllogismos

199 2011 294 2077 currit
321 2033 378 2096 per
406 2010 576 2077 secundam
604 2009 752 2094 figuram,
782 2031 853 2076 cum
880 2011 1050 2092 negatione
1072 2011 1260 2094 intrinseca,
1285 2015 1319 2077 et

198 2120 246 2180 est
268 2113 380 2178 similis
395 2112 483 2177 huic:
506 2111 607 2179 Omne
629 2112 655 2176 B
678 2118 727 2178 est
748 2113 786 2194 Α,
810 2113 912 2177 solum
936 2111 960 2178 Ο
983 2117 1032 2178 est
1053 2113 1096 2196 A;
1122 2130 1197 2194 ergo
1213 2113 1315 2179 solum

198 2213 223 2301 O
245 2220 294 2280 est
315 2214 350 2279 B.
400 2213 493 2292 Quod
516 2220 578 2280 est:
607 2186 708 2279 Omne
730 2212 757 2277 B
780 2217 829 2279 est
849 2214 894 2296 A,
922 2215 1044 2278 nullum
1065 2213 1239 2299 praeterC
1267 2219 1319 2281 est

197 2316 241 2398 A3
264 2332 341 2395 ergo
362 2315 484 2379 nullum
505 2321 633 2400 praeter
655 2315 679 2381 O
702 2323 750 2382 est
770 2314 807 2381 B.

220 2483 242 2516 ²⁷
260 2480 293 2533 Η.
304 2497 367 2534 nam
382 2481 437 2534 nisi
452 2480 577 2535 voluntas
847 2491 980 2552 quotenus
996 2482 1137 2553 legendum
1154 2488 1230 2551 puto,
1250 2482 1315 2538 licet

280 2565 312 2618 F.
330 2566 364 2619 ob
382 2566 456 2620 omni
472 2566 599 2636 cupidine
846 2568 985 2622 literarum
1014 2567 1112 2621 ductus
1138 2568 1250 2636 propius
1279 2568 1316 2622 ad

221 2650 244 2684 ³³
262 2650 304 2703 Ita
321 2650 436 2705 habetur
458 2650 485 2704 in
502 2650 629 2704 versione·
641 2650 729 2704 Ficini
847 2653 1007 2707 corruentem
1023 2651 1161 2706 accedant.

263 2767 296 2774 -
307 2735 425 2790 (loddet
443 2735 501 2790 edd.
527 2737 583 2788 sice
602 2737 728 2806 potentia
803 2737 825 2770 ³³
843 2737 876 2790 F.
889 2737 1081 2806 potentissima

263 2820 400 2875 tribuendi
803 2821 826 2854 ³⁸
843 2820 881 2873 Μ.
900 2820 930 2873 Ρ.
951 2820 1132 2877 valentissimo
1150 2829 1176 2877 et
1192 2828 1295 2892 potent.

170 2962 173 2966 ,
222 2905 243 2937 ³⁴
261 2904 314 2958 Pro
333 2904 466 2974 quomodo
478 2904 630 2959 cochlin.
646 2905 728 2960 habet
802 2905 826 2938 ⁴⁰
843 2905 874 2958 F.
893 2905 925 2958 V.
938 2908 1128 2975 potentissimo

264 2990 368 3058 signum
402 2989 623 3056 abbreviationis,
656 2990 728 3058 quod

263 3142 285 3175 ³¹
303 3141 335 3194 L.
356 3146 379 3195 1.
399 3141 462 3196 Cod.
490 3142 532 3196 De
549 3142 641 3196 Poena
663 3142 758 3196 iudicis
782 3143 827 3211 qui
843 3142 912 3196 male
929 3141 1057 3196 iudicavit
1075 3142 1143 3198 vv11.
1162 3146 1215 3206 49.)
1241 3143 1314 3208 „lm-

149 3264 152 3271 ,
193 3215 306 3331 ἓθτθῖθθ
319 3212 479 3288 :innormans
498 3209 683 3275 (Glareanus)
694 3211 734 3290 ΙΑ.
753 3210 789 3290 ad
805 3209 937 3290 Gaudium
955 3209 1000 3273 (ad
1009 3209 1131 3290 (lassiurn
1143 3208 1272 3291 Sabinum
1279 3212 1312 3273 l).

216 3283 321 3332 onstrtrt
337 3293 366 3330 m
383 3293 551 3346 quacumque
569 3293 660 3343 causa,
678 3294 732 3332 srve
749 3285 867 3347 prrvata,
885 3293 941 3331 srvc
957 3277 1074 3345 pubhca‚
1093 3292 1148 3331 srve
1165 3277 1262 3345 fiscali,
1280 3284 1315 3332 ut

193 3344 423 3466 cuicumgucdata
439 3346 521 3400 fuerit
533 3346 655 3414 pecunia,
672 3345 811 3412 veliudici‚
829 3346 870 3399 vel
882 3345 1043 3411 adversario,
1061 3345 1166 3398 amittat
1178 3346 1312 3399 actionem

192 3412 215 3467 is
233 3413 279 3483 qui
314 3412 444 3535 iffiffengf'
460 3415 547 3534 liuta?
565 3413 1312 3547 ⁵}mgntissein02e⁰b¹ffi1⁰111ffirrffifriilsanffifeffi¹>nem

191 3487 423 3603 {iepffisennotannns
440 3550 458 3603 l.
477 3521 502 3602 c:
528 3522 634 3604 T'ra'rr'sl.
647 3522 720 3628 ants:
739 3549 826 3616 „de
843 3556 932 3604 autem
950 3549 1040 3604 differt
1056 3522 1147 3603 virtus·
1158 3521 1312 3614 etiustitia,

191 3617 243 3672 hoc
261 3616 431 3672 manifestum
448 3632 481 3670 ex
498 3617 541 3671 his
560 3633 627 3686 quae
640 3616 712 3672 dvcta
723 3624 793 3671 sunt.
819 3617 871 3672 Est
881 3617 987 3688 quidem
998 3616 1091 3671 eadem
1103 3631 1163 3670 esse
1173 3617 1308 3678 sublacum

191 3685 294 3740 ratione
304 3692 393 3739 autem
402 3700 456 3739 non
464 3684 542 3738 idem.
570 3685 622 3739 Sed
638 3685 784 3740 secundum
803 3685 878 3807 zared
893 3686 931 3740 cd
966 3686 1061 3740 lteram
1079 3684 1312 3786 quidemr'astitr'a

191 3753 338 3808 seeundum
355 3753 427 3822 quod
436 3753 594 3807 autemtalis
604 3753 721 3817 babilon,
740 3753 807 3822 simp
819 3753 926 3808 'citerv'
954 3757 1014 3807 us‘·
1095 3752 1154 3805 ⁴11.
1168 3757 1206 3806 10.
1241 3769 1263 3806 r.
1274 3752 1309 3806 D.

191 3821 233 3875 De
249 3821 355 3876 lustitia
373 3827 400 3876 et
420 3820 479 3874 iure
502 3822 586 3886 (1.1.)
620 3821 744 3886 „Iustitia
767 3830 808 3876 est
831 3825 959 3877 constans
982 3828 1009 3875 et
1031 3826 1162 3889 perpetua
1185 3770 1312 3876 veliuntas

190 3889 232 3943 ius
260 3906 337 3944 suurn
364 3889 458 3958 cuique
484 3889 645 3943 tribuendis
720 3891 953 3944 ⁴¹An1suornnas
984 3889 1092 3958 Analyt.
1126 3889 1208 3954 prior.
1233 3889 1254 3942 I.
1283 3896 1307 3943 5.

190 3957 286 4011 Verrio
303 3958 435 4011 Boaumr:
462 3955 592 4024 „Quando
616 3973 679 4012 vero
696 3957 767 4011 idem
784 3957 848 4011 huie
865 3957 938 4011 omni
973 3955 1074 4022 uidem,
1098 3956 1138 4010 illi
1161 3973 1223 4012 vero
1240 3958 1309 4012 nulli

190 4024 274 4089 inest,
298 4026 339 4079 vel
364 4026 403 4080 uti
422 4040 455 4080 ue
482 4025 553 4079 omni
579 4026 621 4080 vel
652 4025 732 4087 nulli,
764 4025 885 4096 fiqurcm
916 3974 1023 4093 quidem
1054 4024 1206 4080 huiusmodi
1239 4041 1309 4080 voco

189 4092 341 4146 secundum.
367 4042 484 4147 Medium
501 4100 591 4148 autem
607 4095 636 4148 in
652 4094 704 4147 hac
721 4092 789 4157 dico,
808 4092 878 4161 quod
895 4092 929 4147 de
939 4098 1053 4160 utraque
1064 4092 1252 4161 praedicatur.

190 4158 302 4227 Quando
320 4165 409 4214 autem
427 4160 519 4216 similis
535 4161 637 4230 figurae
653 4160 754 4215 fuerint
770 4161 980 4230 propositiones,
1001 4166 1031 4216 ut
1048 4161 1143 4215 ambae
1160 4161 1309 4230 privativae

189 4227 230 4281 vel
247 4226 430 4294 affirmativae,
449 4229 522 4284 nullo
539 4229 618 4284 modo
636 4229 688 4283 erit
705 4229 899 4298 syllogismus.“
