2940 4808
306 333 441 389 DANTIS
460 333 678 389 MONAROHIA
696 334 743 386 111.
762 334 791 387 C.
812 339 850 388 10.
873 340 911 387 ll.
932 338 991 399 tto).
1148 330 1206 394 123

87 509 202 576 inesse.
248 506 315 573 Sed
335 507 481 574 Ecclesia
503 506 629 572 omnino
651 505 841 590 indisposita
864 511 932 573 erat
954 505 996 569 ad
1018 507 1209 591 temporalia

87 608 281 694 recipienda,
303 629 361 692 per
375 614 582 693 praeceptum
597 607 826 691 prohibitivum
842 627 1037 692 expressum,
1061 614 1096 673 ut
1111 609 1207 675 habe-

86 732 157 777 mus
179 715 236 797 per
257 712 521 794 Matthaeum,
545 711 604 777 sic:
627 710 756 793 „Nolite
771 708 938 794 possidere
958 730 1078 793 aurum,
1102 730 1207 792 neque
1275 789 1277 792 ¹

88 819 270 897 argentum,
301 833 403 893 neque
425 813 594 898 pecuniam
616 812 649 877 in
677 812 763 878 zonis
786 812 917 895 vestris,
947 832 1011 877 non
1038 831 1148 895 peram
1177 811 1211 875 in
1229 819 1259 873 75

89 914 173 1000 via,“
196 921 256 982 etc.
294 917 377 981 Nam
393 917 453 981 etsi
469 936 527 1000 per
541 915 686 980 Lucam
702 915 855 980 habemus
873 913 1104 979 relaxationem
1118 934 1208 998 prae-

89 1018 189 1102 cepti,
219 1022 371 1099 quantum
400 1017 443 1081 ad
473 1016 646 1099 quaedam;
676 1014 719 1080 ad
746 1016 981 1101 possessionem
1009 1022 1115 1082 tamen
1141 1015 1209 1080 auri

89 1124 122 1186 et
143 1119 266 1201 argenti
287 1120 482 1185 licentiatam
504 1117 682 1184 Ecclesiam
696 1123 769 1201 post
783 1117 1030 1201 prohibitionem
1051 1118 1142 1181 illam
1163 1117 1207 1181 in-

89 1220 199 1287 venire
228 1241 290 1286 non
318 1221 416 1303 potui.
468 1221 573 1299 Quare
603 1219 630 1284 si
652 1218 796 1284 Ecclesia
826 1218 966 1304 recipere
989 1239 1052 1284 non
1073 1224 1208 1303 poterat,

89 1321 165 1388 dato
195 1322 281 1403 quod
309 1321 533 1388 Constantinus
562 1322 624 1387 hoc
651 1322 756 1386 facere
784 1320 942 1404 potuisset
971 1320 1010 1385 de
1040 1341 1088 1401 se3
1125 1320 1208 1386 actio
1228 1321 1260 1374 80

88 1430 195 1490 amen
217 1423 275 1488 illa
296 1444 360 1488 non
383 1428 451 1489 erat
471 1424 645 1507 possibilis,
667 1428 798 1506 propter
819 1422 970 1506 patientis
992 1421 1206 1505 indispositio-

87 1545 170 1592 nem.
214 1525 308 1591 Patet
336 1525 446 1608 igitur,
476 1526 562 1607 quod
591 1545 650 1590 nec
670 1524 816 1590 Ecclesia
837 1524 980 1608 recipere
1001 1543 1059 1607 per
1081 1524 1210 1589 modum

87 1627 308 1711 possessionis,
331 1647 390 1693 nec
411 1627 467 1692 ille
483 1627 623 1693 conferre
637 1646 695 1711 per
710 1625 839 1691 modum
854 1625 1057 1691 alienationis
1070 1631 1206 1709 poterat.

88 1730 218 1795 Poterat
245 1733 353 1793 tamen
380 1730 573 1812 Imperator,
606 1728 640 1791 in
668 1725 877 1811 patrocinium
905 1727 1085 1810 Ecclesiae,
1112 1727 1208 1811 patri.

87 1831 227 1897 monium
250 1836 283 1897 et
304 1830 369 1894 alia
392 1830 555 1914 deputare,
578 1830 708 1895 immoto
731 1848 857 1913 semper
879 1828 1034 1912 superiori
1056 1828 1206 1912 dominio,
1226 1833 1260 1882 85
1300 1801 1329 1973 1

89 1933 178 2017 cujus
200 1933 305 1998 unitas
328 1931 517 1998 divisionem
538 1952 602 1997 non
623 1931 751 2015 patitur.
791 1932 922 1996 Poterat
944 1936 975 1994 ct
991 1929 1129 1994 vicarius
1145 1930 1207 1994 Dei

87 2035 237 2120 recipere,
260 2053 324 2098 non
346 2038 508 2114 tamquam
529 2051 705 2118 possessor,
728 2031 787 2097 scd
801 2037 964 2115 tamquam
979 2032 1136 2097 fructuum
1151 2051 1208 2115 pro

87 2135 234 2203 Ecclesia
255 2156 312 2219 pro
336 2133 453 2200 Christi
475 2134 669 2218 pauperibus
687 2133 901 2217 dispensator3
927 2133 1012 2215 quod
1034 2133 1209 2217 Apostolos

87 2238 217 2320 fecisse,
240 2258 304 2302 non
325 2236 494 2318 ignoratur.

498 2408 620 2484 [cneus
642 2425 690 2471 xa
715 2404 801 2492 (rr.)]

172 2544 287 2609 Adhuc
324 2541 446 2624 dicunt,
491 2541 577 2623 quod
619 2541 850 2608 Hadrianus
894 2544 984 2624 Papa
1022 2541 1211 2606 Carolum

76 2698 80 2707 ‘
115 2696 139 2728 ⁷²
156 2695 188 2748 F.
206 2710 269 2748 esse.
306 2691 362 2746 Sed
704 2694 726 2726 ⁸³
743 2693 774 2744 F.
793 2710 845 2763 per
862 2691 931 2747 arcad.
948 2692 1028 2744 aliea.
1048 2692 1178 2761 conferre

174 2779 205 2832 L.
224 2777 262 2832 ad
278 2777 431 2848 imperialia
449 2776 606 2846 recipienda
756 2784 869 2856 poterat
886 2793 941 2830 non
958 2777 1055 2844 legitur
1073 2777 1101 2830 iu
1119 2777 1149 2830 P.

116 2865 140 2898 ⁷⁴
157 2863 188 2916 F.
206 2863 361 2917 nonhabet
381 2863 421 2916 sic
579 2914 583 2922 ,
703 2862 726 2894 ⁸⁶
743 2862 774 2914 F.
794 2861 907 2916 Poterat
924 2863 1004 2916 etiam
1025 2863 1108 2916 vicar.

117 2949 140 2982 ⁷⁶
158 2947 225 3001 FP.
237 2945 297 3002 dai.
314 2946 472 3000 relationem
480 2946 626 3016 praecepti
703 2949 726 2982 ⁸⁸
742 2947 774 2999 L.
793 2947 830 3000 M.
842 2963 899 3018 pro
917 2946 1049 3013 Ecclesia,
1069 2963 1126 3018 pro
1139 2963 1212 3017 paa-

116 3033 140 3066 ⁷⁷
156 3033 189 3086 A.
207 3031 241 3086 Η.
267 3035 399 3101 pacatam
425 3030 463 3083 ad
487 3029 623 3100 quandam
739 3032 855 3102 peribas
881 3063 915 3070 —
944 3032 1029 3086 Editt.
1050 3048 1108 3101 pro
1138 3029 1211 3085 dccl.

153 3117 353 3188 possessionem
739 3132 849 3187 proque
870 3115 971 3171 Christi
988 3117 1161 3188 pauperibus
1179 3146 1212 3154 -

116 3199 188 3253 ⁷⁸F.
206 3201 328 3254 cariaci
345 3201 455 3270 arpenti
745 3201 887 3268 Sequimur
911 3201 987 3256 codd.
1012 3202 1044 3254 A.
1070 3201 1103 3255 H.
1127 3201 1159 3254 P.
1178 3201 1211 3255 V.

116 3284 140 3318 ⁷⁹
156 3285 189 3339 V.
209 3283 279 3350 Quia
297 3286 322 3339 si
339 3283 461 3339 Ecclesia
632 3283 634 3287 ’
745 3290 772 3339 et
789 3285 914 3340 Ficinum
934 3303 1009 3341 come
1026 3287 1213 3358 dispensatore

117 3372 140 3405 ⁸⁰
156 3368 188 3422 F.
208 3369 297 3424 donst.
316 3370 466 3440 imperator·
481 3369 577 3438 facere
745 3370 786 3424 de’
804 3372 889 3440 fratri
902 3375 925 3426 α’
938 3374 1039 3442 paveri
1055 3373 1084 3426 di
1102 3371 1189 3426 Crista

118 3455 140 3490 ⁸¹
157 3453 190 3507 F.
200 3453 231 3506 P.
241 3459 356 3524 propter
369 3455 502 3524 patientis
511 3451 626 3524 disposi·
763 3458 795 3508 A.
815 3456 848 3509 H.
868 3456 899 3509 L.
920 3457 952 3509 V.
977 3457 1052 3527 qaod
1071 3455 1213 3528 apostolas

159 3538 625 3610 tionem—Edd.auttpropterpat.
745 3541 896 3610 fecisse-
910 3541 948 3594 M.
967 3542 1041 3612 qaod
1058 3540 1213 3612 apostolam

160 3642 178 3679 a
198 3625 409 3696 dispositionem,
428 3623 500 3693 quod
517 3622 628 3690 probari
745 3626 846 3694 secisse
1240 3624 1242 3629 '

159 3715 263 3780 potest,
286 3711 309 3764 si
333 3726 350 3763 a
374 3715 401 3762 et
424 3709 627 3780 dispositionem
680 3708 744 3778 Cap.
767 3710 814 3763 XI.
859 3713 866 3743 ¹
891 3710 961 3765 Novi
985 3710 1080 3779 capitis
1107 3709 1214 3764 initium

159 3795 188 3849 in
205 3809 389 3848 unamvocem
408 3794 610 3847 contrahantur.
747 3793 867 3848 indicant
891 3795 929 3849 M.
949 3801 976 3850 et
995 3794 1107 3865 Oporini
1131 3795 1213 3850 editio

120 3881 143 3914 ⁸²
159 3879 191 3933 F.
211 3879 292 3935 Patet
309 3894 375 3948 erpo
394 3878 469 3948 qaod
487 3876 561 3932 Ecci.
579 3893 628 3931 aec
747 3879 873 3947 princeps

156 3981 210 4036 per
229 3962 337 4016 modam
765 3964 796 4016 P.
815 3963 890 4034 quod
907 3964 1064 4018 Andrianas
1082 3964 1163 4038 Papa

162 4117 185 4149 ⁷⁴
204 4117 311 4170 Evnuc.
329 4074 483 4169 Mamurram
500 4130 558 4184 cap.
576 4115 609 4168 X.
633 4133 655 4169 v.
675 4121 698 4170 9.
804 4117 827 4148 ⁷⁶
845 4116 952 4169 Evnuc.
971 4117 1067 4170 Lucas
1090 4134 1148 4187 cap.
1166 4118 1213 4173 IX.

93 4200 119 4236 v·
138 4184 338 4318 &diffidis
350 4189 450 4304 ¹4Eicit
468 4251 500 4304 de
520 4250 721 4320 expeditiones
739 4251 865 4306 Carolo
884 4252 1002 4320 Magno
1022 4260 1161 4320 annollss.
1180 4255 1215 4309 ad
