2940 4808
209 302 248 364 30
384 269 537 359 'DANTIS
554 292 773 361 MONAacfflA
790 307 812 362 1.
831 307 860 364 c.
883 313 921 362 14.
940 313 1002 374 (re),
1022 314 1062 362 ra.
1081 312 1143 377 (rr.)

187 478 294 560 quod
314 477 428 544 melius
451 481 508 542 θεῖ.
552 475 594 541 Εῖ
617 497 728 562 quum,
760 479 892 546 duorum
914 485 1036 546 tantum
1057 482 1141 546 inter
1162 501 1211 566 se,
1241 481 1327 551 idem

201 580 249 646 sit
269 579 383 644 melius
406 583 438 645 et
460 579 629 665 optimum,
652 600 849 670 consequens
872 588 930 666 est,
952 604 1016 649 non
1039 584 1141 649 solum
1162 585 1233 651 Deo
1256 605 1327 654 esse

155 699 186 748 55
206 681 433 764 acceptabilius
461 680 537 765 hoc,
565 682 646 747 inter
675 682 749 748 hoc:
784 702 898 748 unum
920 689 952 750 et
980 685 1075 751 haec:
1103 685 1235 770 plura,
1270 687 1329 753 sed

205 783 537 869 acceptabilissimum.
581 783 675 851 Unde
697 786 854 868 sequitur,
883 786 1054 851 humanum
1082 807 1183 870 genus
1206 789 1325 873 optime

204 906 238 954 se
261 878 389 970 Habere,
412 904 508 966 quum
530 886 572 950 ab
594 904 656 951 uno
678 886 806 966 regitur.
843 885 885 950 Et
907 887 953 952 sic
967 887 1010 952 ad
1026 889 1105 955 bene
1121 908 1191 956 θεεθ
1205 889 1325 974 mundi,

203 1008 334 1055 necesse
356 995 405 1055 θεῖ
425 987 644 1053 Monarchiam
666 1006 744 1053 esse.

587 1195 708 1268 [carun
730 1211 788 1258 xv.
812 1189 937 1277 (nundi

286 1330 366 1394 Item
389 1325 469 1409 dico,
493 1324 579 1408 quod
601 1345 681 1409 ens,
709 1334 741 1392 θῖ
762 1346 892 1411 unum,
922 1331 954 1393 θῖ
975 1327 1134 1411 bonum,
1164 1328 1323 1410 gradatim

201 1449 235 1495 se
257 1430 377 1496 habent
399 1429 571 1494 secundum
594 1427 737 1510 quintum
757 1428 888 1494 modum
910 1428 1039 1495 dicendi
1063 1429 1200 1514 ‚‚prius“.
1245 1431 1323 1496 Εεε

201 1530 285 1596 enim
306 1534 420 1595 natura
442 1530 604 1614 praecedit
625 1549 755 1612 unum,
781 1549 877 1596 unum
900 1553 975 1599 vero
998 1532 1154 1615 bonum3
1184 1533 1323 1600 maxime

200 1632 284 1698 enim
313 1651 368 1697 θεε
397 1630 535 1698 maxime
564 1637 611 1698 est
632 1651 744 1714 unum,
768 1636 800 1697 et
821 1630 960 1696 maxime
982 1650 1078 1696 unum
1107 1638 1157 1698 θεῖ
1184 1633 1323 1701 maxime

165 1738 179 1786 5
199 1734 324 1799 bonum.
369 1733 411 1796 Et
432 1738 550 1814 quanto
579 1732 702 1814 aliquid
723 1751 743 1796 a
765 1731 904 1798 maximo
927 1738 999 1798 θεῖθ
1021 1726 1201 1820 elongatur,
1233 1739 1321 1802 tanto

199 1838 231 1899 et
252 1834 382 1900 abesse
403 1853 509 1917 unum,
533 1838 566 1900 et
579 1855 638 1918 per
653 1853 849 1916 consequens
871 1835 912 1899 ab
931 1852 1006 1914 ,esse
1023 1834 1147 1902 bonum.
1185 1838 1320 1920 Propter

199 1935 284 2018 quod
315 1936 349 2001 in
377 1935 461 2002 omni
492 1953 608 2017 genere
635 1955 740 2002 rerum
768 1935 850 2000 illud
879 1940 926 2001 est
956 1935 1123 2021 optimum,
1158 1937 1245 2020 quod
1273 1942 1321 2004 est

196 2038 336 2105 maxime
349 2057 455 2123 unum,
477 2044 513 2102 ut
526 2036 722 2122 Philosopho
737 2037 844 2122 placet
858 2037 891 2101 in
906 2037 955 2121 iis,
979 2056 1060 2120 quae
1077 2038 1117 2104 de
1133 2040 1320 2123 simpliciter

198 2140 287 2207 Εεῖθ.
331 2138 426 2206 Unde
447 2138 498 2224 fit,
528 2138 614 2221 quod
641 2158 737 2203 unum
766 2158 837 2206 θεεθ
865 2138 991 2204 videtur
1019 2158 1088 2206 esse
1116 2141 1210 2207 radix
1239 2142 1316 2226 eius,

149 2263 179 2312 10
199 2242 284 2324 quod
312 2248 361 2308 θεῖ
389 2260 460 2308 θεεθ
490 2242 620 2326 bonum;
652 2245 684 2306 et
711 2240 812 2306 multa
841 2259 927 2325 esse,
957 2241 1024 2306 eius
1055 2242 1142 2324 quod
1169 2249 1218 2308 θεῖ
1248 2264 1317 2310 θεεθ

198 2344 325 2409 malum.
370 2344 475 2424 Quare
500 2344 701 2429 Pythagoras
723 2342 756 2406 in
778 2342 1037 2409 correlationibus
1059 2344 1125 2410 suis
1132 2395 1140 2429 ‚
1164 2367 1205 2413 ex
1226 2350 1318 2430 parte

825 2510 885 2563 ³F.
905 2510 939 2564 H.
962 2510 994 2564 L.
1020 2512 1057 2564 M.
1081 2511 1111 2564 P.
1135 2511 1318 2567 V.-A.et

849 2594 907 2649 edd.
920 2595 1149 2666 productionem
1163 2626 1197 2635 -
1214 2596 1318 2651 Eadem

220 2513 241 2545 ¹¹
258 2511 296 2565 M.
315 2517 342 2565 et
358 2512 496 2582 optimam,
514 2513 674 2565 conveniens
691 2517 731 2564 est

220 2598 242 2630 ⁵⁵
259 2596 290 2650 P.
310 2626 343 2635 -
360 2595 391 2648 L.
409 2594 555 2651 laeciatcr
567 2594 634 2649 llaec
647 2611 730 2648 anrrm

261 2689 287 2734 et
310 2678 361 2735 doc
380 2680 465 2752 plura
484 2712 516 2720 -
534 2682 567 2734 A.
591 2679 625 2734 Η.
647 2679 685 2733 Μ.
704 2686 730 2733 θῖ

260 2763 318 2818 edd.
327 2765 429 2833 antiqu.
442 2763 494 2820 doc
507 2767 577 2820 inter
586 2762 637 2819 loc
645 2780 729 2818 aaron

261 2857 286 2905 et
305 2853 354 2905 loc
370 2849 458 2922 pluro
475 2880 509 2890 —
526 2849 558 2904 F.
584 2849 635 2904 doc
659 2851 729 2903 inter

260 2935 311 2992 leuc
335 2952 418 2988 anum
436 2940 464 2988 et
479 2934 531 2990 doc
553 2937 623 2989 inter
641 2936 728 3007 plura

259 3036 345 3088 neque
357 3020 434 3073 aliter
447 3020 525 3073 Turr.
537 3024 565 3074 θῖ
574 3021 658 3086 Frat,
675 3019 728 3074 nisi

849 2679 971 2734 lectionis
981 2680 1095 2734 varietas
1105 2679 1317 2736 etineodicibus

848 2765 978 2819 versionis
995 2764 1083 2820 Ficini

824 2849 885 2901 4Α.
911 2848 1010 2902 -alii
1034 2865 1108 2904 mox.
1132 2865 1216 2902 ronam
1239 2867 1314 2905 mox.

850 2934 946 2988 bonum

823 3020 833 3050 ⁵
851 3019 883 3071 A.
901 3019 990 3088 mopis
1005 3025 1065 3072 ente
1082 3049 1116 3058 -
1133 3020 1177 3071 An
1195 3018 1314 3071 maxime

258 3104 330 3172 quod
339 3104 461 3158 ultimum
469 3102 521 3158 doc
530 3107 726 3160 ommittunt-
846 3103 927 3156 cute?

257 3189 288 3239 V.
306 3186 357 3243 loc
374 3189 422 3242 int.
433 3204 478 3242 ara
489 3187 721 3260 docetllcplcrc
805 3189 824 3220 ¹¹
842 3187 873 3241 F.
891 3186 935 3240 Ita
957 3186 1020 3240 olim
1038 3202 1099 3241 cum
1120 3187 1215 3241 Ficino
1234 3203 1313 3256 repo·

217 3273 238 3306 ⁵¹
255 3271 340 3326 Editt.
357 3277 470 3328 recentt.
487 3273 521 3327 ab
539 3289 593 3327 cao
611 3280 725 3343 reputor

189 3357 253 3427 Cap.
271 3357 331 3412 XV.
369 3360 377 3390 ¹
395 3357 425 3410 F.
445 3359 520 3428 qaod
536 3374 583 3412 ens
597 3374 678 3411 unam
698 3361 724 3410 el

256 3442 355 3497 donam
372 3473 406 3482 -
423 3443 453 3496 P.
472 3458 519 3496 ens
542 3449 568 3496 et
591 3458 637 3496 aa.
662 3443 722 3496 ton.

257 3556 288 3568 -
306 3529 338 3581 A.
358 3529 496 3598 quociens
513 3533 538 3581 et
556 3544 601 3580 art.
620 3527 680 3581 tort.

230 3615 241 3646 ²
259 3614 291 3667 A.
309 3644 343 3653 -
360 3611 390 3665 F.
409 3611 443 3666 Η.
462 3612 492 3665 L.
506 3611 544 3664 Μ.
555 3611 587 3664 V.
601 3611 723 3682 primam

256 3698 364 3752 modum
380 3728 415 3737 -
431 3696 460 3751 P.
480 3695 588 3751 niodum
599 3697 722 3767 primum

843 3271 959 3336 suimus,
987 3286 1074 3340 neque
1102 3272 1179 3326 aliter
1200 3271 1313 3341 antiqua

841 3371 937 3410 manus
964 3357 1080 3411 correxit
1105 3357 1134 3410 in
1162 3357 1219 3411 cod.
1243 3357 1311 3412 Ven.

842 3471 876 3480 -
893 3442 926 3494 A.
946 3443 1029 3507 Quem
1046 3439 1265 3512 Pythoporas-
1276 3442 1310 3495 H.

842 3525 873 3578 L.
900 3525 938 3578 M.
964 3526 993 3580 P.
1026 3532 1053 3580 et
1087 3525 1161 3580 editt.
1192 3531 1311 3595 (praeter

842 3609 963 3663 ultimam
980 3610 1092 3676 Fratic.)
1109 3608 1180 3675 Quoia
1197 3610 1278 3681 Pytlr.

254 3835 295 3891 (la
317 3831 411 3889 .XV.
447 3832 668 3885 2Αεεεεοεεεεε
686 3829 843 3898 Cetegoriae
859 3835 883 3886 2:
902 3831 1037 3885 Translat.
1053 3830 1187 3883 Bonunn:
1210 3830 1307 3896 „Prius

185 3909 274 3958 autem
284 3849 397 3956 alterum
410 3901 495 3956 altero
503 3900 601 3954 dicitur
611 3898 821 3968 quadrupliciter
840 3937 950 3952 .....
969 3897 1187 3963 Videturautem,
1197 3903 1307 3966 praeter

185 3971 296 4038 eosqui
311 3969 376 4024 dicti
400 3976 477 4035 sunt,
502 3969 570 4022 alter
588 3983 647 4022 θεεθ
669 3967 767 4035 prioris
791 3967 894 4021 modus.
928 3967 1032 4020 Eorum
1052 3965 1124 4020 enim
1148 3982 1217 4034 quae
1241 3982 1306 4021 con·

182 4043 324 4093 vertuntur
340 4038 489 4092 secundum
504 4035 638 4091 essentiae
656 4033 884 4105 consequentiam,
906 4034 936 4092 id
959 4034 1030 4103 quod
1053 4033 1163 4088 alterius
1188 4035 1306 4103 quolibet

181 4106 261 4161 modo
284 4121 366 4160 causa
389 4108 443 4171 est,
467 4105 545 4173 digne
563 4104 644 4172 prius
667 4109 765 4158 natura
790 4101 890 4156 dicitur
908 4143 913 4154 .
933 4141 940 4154 .
959 4139 990 4156 ..
1016 4100 1134 4170 Ideoque
1157 4103 1306 4157 secundum

182 4176 299 4244 quinque
324 4171 418 4227 modos
442 4173 516 4241 prius
541 4173 655 4227 alterum
678 4172 763 4226 altero
782 4169 908 4224 dicitur.¹‘
978 4171 1199 4225 9Αεεεεοεεεεε
1216 4171 1304 4225 Meta·

182 4243 260 4312 phys.
279 4257 337 4309 cap.
360 4246 380 4294 l.
