<?xml version="1.0" encoding="UTF-8"?>
<!DOCTYPE html PUBLIC "-//W3C//DTD XHTML 1.0 Transitional//EN"
    "http://www.w3.org/TR/xhtml1/DTD/xhtml1-transitional.dtd">
<html xmlns="http://www.w3.org/1999/xhtml" xml:lang="en" lang="en">
 <head>
  <title>
</title>
<meta http-equiv="Content-Type" content="text/html;charset=utf-8" />
  <meta name='ocr-system' content='tesseract 3.04.00' />
  <meta name='ocr-capabilities' content='ocr_page ocr_carea ocr_par ocr_line ocrx_word'/>
</head>
<body>
  <div class='ocr_page' id='page_1' title='image "./dantisalligheri00wittgoog_0180.png"; bbox 0 0 2940 4808; ppageno 0'>
   <div class='ocr_carea' id='block_1_1' title="bbox 232 1238 1212 1445">
    <p class='ocr_par' dir='ltr' id='par_1_1' title="bbox 232 1238 1212 1445">
     <span class='ocr_line' id='line_1_1' title="bbox 232 1238 1212 1328; baseline 0 -2"><span class='ocrx_word' id='word_1_1' title='bbox 232 1238 453 1328; x_wconf 77' lang='lat' dir='ltr'><strong>[DANTIS</strong></span> <span class='ocrx_word' id='word_1_2' title='bbox 487 1240 829 1324; x_wconf 79' lang='lat' dir='ltr'><strong>ALLIGHERII</strong></span> <span class='ocrx_word' id='word_1_3' title='bbox 860 1243 1212 1326; x_wconf 82' lang='lat' dir='ltr'>FLORENTINI</span> 
     </span>
     <span class='ocr_line' id='line_1_2' title="bbox 574 1375 857 1445; baseline -0.007 0"><span class='ocrx_word' id='word_1_4' title='bbox 574 1375 857 1445; x_wconf 81' lang='lat' dir='ltr'><strong>MONAROHIAE</strong></span> 
     </span>
    </p>
   </div>
   <div class='ocr_carea' id='block_1_2' title="bbox 550 1549 882 1632">
    <p class='ocr_par' dir='ltr' id='par_1_2' title="bbox 550 1549 882 1632">
     <span class='ocr_line' id='line_1_3' title="bbox 550 1549 882 1632; baseline 0.003 -23"><span class='ocrx_word' id='word_1_5' title='bbox 550 1549 675 1611; x_wconf 83' lang='lat' dir='ltr'>nmnn</span> <span class='ocrx_word' id='word_1_6' title='bbox 696 1549 882 1632; x_wconf 78' lang='lat' dir='ltr'>ruamus,</span> 
     </span>
    </p>
   </div>
   <div class='ocr_carea' id='block_1_3' title="bbox 249 1634 1184 1815">
    <p class='ocr_par' dir='ltr' id='par_1_3' title="bbox 249 1634 1184 1815">
     <span class='ocr_line' id='line_1_4' title="bbox 249 1634 1184 1734; baseline 0.003 -16"><span class='ocrx_word' id='word_1_7' title='bbox 249 1662 439 1731; x_wconf 84' lang='lat' dir='ltr'><strong>QUALITER</strong></span> <span class='ocrx_word' id='word_1_8' title='bbox 457 1662 634 1719; x_wconf 81' lang='lat' dir='ltr'><strong>OFFICIUM</strong></span> <span class='ocrx_word' id='word_1_9' title='bbox 651 1634 908 1730; x_wconf 73' lang='grc' dir='ltr'><strong>ΜΟΝΑΕΟΗΙᾸΕ,</strong></span> <span class='ocrx_word' id='word_1_10' title='bbox 926 1665 1008 1719; x_wconf 85' lang='lat' dir='ltr'>SIVE</span> <span class='ocrx_word' id='word_1_11' title='bbox 1025 1666 1184 1734; x_wconf 76' lang='lat' dir='ltr'><strong>IMPERII,</strong></span> 
     </span>
     <span class='ocr_line' id='line_1_5' title="bbox 422 1747 1008 1815; baseline 0.005 -14"><span class='ocrx_word' id='word_1_12' title='bbox 422 1747 623 1804; x_wconf 86' lang='lat' dir='ltr'><strong>DEPENDET</strong></span> <span class='ocrx_word' id='word_1_13' title='bbox 641 1750 666 1803; x_wconf 82' lang='lat' dir='ltr'>A</span> <span class='ocrx_word' id='word_1_14' title='bbox 683 1749 758 1805; x_wconf 86' lang='lat' dir='ltr'>DEO</span> <span class='ocrx_word' id='word_1_15' title='bbox 776 1749 1008 1815; x_wconf 70' lang='lat' dir='ltr'>nummolum]</span> 
     </span>
    </p>
   </div>
   <div class='ocr_carea' id='block_1_4' title="bbox 628 1908 872 1983">
    <p class='ocr_par' dir='ltr' id='par_1_4' title="bbox 628 1908 872 1983">
     <span class='ocr_line' id='line_1_6' title="bbox 628 1908 872 1983; baseline 0 -13"><span class='ocrx_word' id='word_1_16' title='bbox 628 1909 749 1983; x_wconf 68' lang='lat' dir='ltr'>[oneum</span> <span class='ocrx_word' id='word_1_17' title='bbox 770 1908 802 1983; x_wconf 81' lang='lat' dir='ltr'>n]</span> <span class='ocrx_word' id='word_1_18' title='bbox 869 1942 872 1947; x_wconf 60' lang='lat'><em>&gt;</em></span> 
     </span>
    </p>
   </div>
   <div class='ocr_carea' id='block_1_5' title="bbox 155 2035 1278 2428">
    <p class='ocr_par' dir='ltr' id='par_1_5' title="bbox 155 2035 1278 2428">
     <span class='ocr_line' id='line_1_7' title="bbox 241 2035 1278 2124; baseline 0.006 -22"><span class='ocrx_word' id='word_1_19' title='bbox 241 2035 424 2120; x_wconf 71' lang='lat' dir='ltr'>„conclusit</span> <span class='ocrx_word' id='word_1_20' title='bbox 452 2060 507 2105; x_wconf 89' lang='lat' dir='ltr'>ora</span> <span class='ocrx_word' id='word_1_21' title='bbox 537 2041 677 2124; x_wconf 90' lang='lat' dir='ltr'>leonum,</span> <span class='ocrx_word' id='word_1_22' title='bbox 712 2044 744 2105; x_wconf 87' lang='lat' dir='ltr'>et</span> <span class='ocrx_word' id='word_1_23' title='bbox 777 2059 840 2105; x_wconf 93' lang='lat' dir='ltr'>non</span> <span class='ocrx_word' id='word_1_24' title='bbox 870 2046 1043 2106; x_wconf 81' lang='lat' dir='ltr'>nocuerunt</span> <span class='ocrx_word' id='word_1_25' title='bbox 1071 2039 1164 2124; x_wconf 86' lang='lat' dir='ltr'>mihi;</span> <span class='ocrx_word' id='word_1_26' title='bbox 1203 2043 1278 2124; x_wconf 89' lang='lat' dir='ltr'>quia</span> 
     </span>
     <span class='ocr_line' id='line_1_8' title="bbox 157 2138 1278 2229; baseline 0.006 -25"><span class='ocrx_word' id='word_1_27' title='bbox 157 2157 264 2205; x_wconf 87' lang='lat' dir='ltr'>eoram</span> <span class='ocrx_word' id='word_1_28' title='bbox 293 2158 331 2206; x_wconf 86' lang='lat' dir='ltr'>eo</span> <span class='ocrx_word' id='word_1_29' title='bbox 356 2138 483 2223; x_wconf 83' lang='lat' dir='ltr'>justitia</span> <span class='ocrx_word' id='word_1_30' title='bbox 510 2142 640 2209; x_wconf 88' lang='lat' dir='ltr'>inventa</span> <span class='ocrx_word' id='word_1_31' title='bbox 668 2147 716 2208; x_wconf 81' lang='lat' dir='ltr'>eet</span> <span class='ocrx_word' id='word_1_32' title='bbox 743 2140 777 2205; x_wconf 94' lang='lat' dir='ltr'>in</span> <span class='ocrx_word' id='word_1_33' title='bbox 805 2138 887 2207; x_wconf 87' lang='lat' dir='ltr'>me.“</span> <span class='ocrx_word' id='word_1_34' title='bbox 929 2142 967 2205; x_wconf 95' lang='lat' dir='ltr'>In</span> <span class='ocrx_word' id='word_1_35' title='bbox 995 2141 1151 2226; x_wconf 90' lang='lat' dir='ltr'>prineipio</span> <span class='ocrx_word' id='word_1_36' title='bbox 1183 2144 1278 2229; x_wconf 83' lang='lat' dir='ltr'>hujus</span> 
     </span>
     <span class='ocr_line' id='line_1_9' title="bbox 156 2238 1277 2327; baseline 0.002 -21"><span class='ocrx_word' id='word_1_37' title='bbox 156 2238 263 2325; x_wconf 80' lang='lat' dir='ltr'>operis</span> <span class='ocrx_word' id='word_1_38' title='bbox 283 2241 480 2325; x_wconf 86' lang='lat' dir='ltr'>propositum</span> <span class='ocrx_word' id='word_1_39' title='bbox 500 2243 560 2309; x_wconf 87' lang='lat' dir='ltr'>fuit</span> <span class='ocrx_word' id='word_1_40' title='bbox 582 2243 622 2310; x_wconf 89' lang='lat' dir='ltr'>de</span> <span class='ocrx_word' id='word_1_41' title='bbox 637 2243 737 2308; x_wconf 85' lang='lat' dir='ltr'>tribus</span> <span class='ocrx_word' id='word_1_42' title='bbox 753 2241 1001 2326; x_wconf 77' lang='lat' dir='ltr'>quaestionibm,</span> <span class='ocrx_word' id='word_1_43' title='bbox 1025 2247 1118 2327; x_wconf 86' lang='lat' dir='ltr'>prout</span> <span class='ocrx_word' id='word_1_44' title='bbox 1140 2243 1277 2310; x_wconf 88' lang='lat' dir='ltr'>materia</span> 
     </span>
     <span class='ocr_line' id='line_1_10' title="bbox 155 2341 1275 2428; baseline 0.004 -23"><span class='ocrx_word' id='word_1_45' title='bbox 155 2346 333 2427; x_wconf 89' lang='lat' dir='ltr'>pateretur,</span> <span class='ocrx_word' id='word_1_46' title='bbox 355 2341 528 2428; x_wconf 88' lang='lat' dir='ltr'>inquirere;</span> <span class='ocrx_word' id='word_1_47' title='bbox 552 2344 592 2412; x_wconf 92' lang='lat' dir='ltr'>de</span> <span class='ocrx_word' id='word_1_48' title='bbox 615 2365 747 2428; x_wconf 88' lang='lat' dir='ltr'>quarum</span> <span class='ocrx_word' id='word_1_49' title='bbox 762 2344 886 2410; x_wconf 89' lang='lat' dir='ltr'>duabus</span> <span class='ocrx_word' id='word_1_50' title='bbox 900 2344 1027 2428; x_wconf 79' lang='lat' dir='ltr'>primia,</span> <span class='ocrx_word' id='word_1_51' title='bbox 1050 2343 1083 2408; x_wconf 90' lang='lat' dir='ltr'>in</span> <span class='ocrx_word' id='word_1_52' title='bbox 1106 2344 1275 2428; x_wconf 83' lang='lat' dir='ltr'>superiori-</span> 
     </span>
    </p>
   </div>
   <div class='ocr_carea' id='block_1_6' title="bbox 154 2443 1341 3039">
    <p class='ocr_par' dir='ltr' id='par_1_6' title="bbox 154 2443 1341 3039">
     <span class='ocr_line' id='line_1_11' title="bbox 158 2443 1310 2531; baseline 0.003 -22"><span class='ocrx_word' id='word_1_53' title='bbox 158 2443 216 2509; x_wconf 80' lang='lat' dir='ltr'>bus</span> <span class='ocrx_word' id='word_1_54' title='bbox 238 2443 343 2526; x_wconf 74' lang='lat' dir='ltr'>libna,</span> <span class='ocrx_word' id='word_1_55' title='bbox 366 2450 401 2509; x_wconf 88' lang='lat' dir='ltr'>ut</span> <span class='ocrx_word' id='word_1_56' title='bbox 423 2447 532 2530; x_wconf 82' lang='lat' dir='ltr'>eredo,</span> <span class='ocrx_word' id='word_1_57' title='bbox 556 2445 747 2512; x_wconf 78' lang='lat' dir='ltr'>sufficienter</span> <span class='ocrx_word' id='word_1_58' title='bbox 768 2451 931 2531; x_wconf 84' lang='lat' dir='ltr'>peractum</span> <span class='ocrx_word' id='word_1_59' title='bbox 953 2450 1010 2512; x_wconf 80' lang='lat' dir='ltr'>est.</span> <span class='ocrx_word' id='word_1_60' title='bbox 1054 2446 1147 2511; x_wconf 89' lang='lat' dir='ltr'>Nune</span> <span class='ocrx_word' id='word_1_61' title='bbox 1170 2451 1310 2513; x_wconf 85' lang='lat' dir='ltr'>autem5</span> 
     </span>
     <span class='ocr_line' id='line_1_12' title="bbox 155 2545 1277 2631; baseline 0.004 -21"><span class='ocrx_word' id='word_1_62' title='bbox 155 2545 197 2613; x_wconf 91' lang='lat' dir='ltr'>de</span> <span class='ocrx_word' id='word_1_63' title='bbox 220 2545 314 2611; x_wconf 87' lang='lat' dir='ltr'>tertia</span> <span class='ocrx_word' id='word_1_64' title='bbox 335 2551 434 2612; x_wconf 84' lang='lat' dir='ltr'>restat</span> <span class='ocrx_word' id='word_1_65' title='bbox 454 2547 622 2630; x_wconf 79' lang='lat' dir='ltr'>agendum.</span> <span class='ocrx_word' id='word_1_66' title='bbox 674 2547 773 2631; x_wconf 82' lang='lat' dir='ltr'>Cujus</span> <span class='ocrx_word' id='word_1_67' title='bbox 795 2548 925 2629; x_wconf 88' lang='lat' dir='ltr'>quidem</span> <span class='ocrx_word' id='word_1_68' title='bbox 946 2547 1081 2630; x_wconf 74' lang='lat' dir='ltr'>veritae,</span> <span class='ocrx_word' id='word_1_69' title='bbox 1112 2547 1187 2629; x_wconf 88' lang='lat' dir='ltr'>quia</span> <span class='ocrx_word' id='word_1_70' title='bbox 1208 2547 1277 2614; x_wconf 84' lang='lat' dir='ltr'>sine</span> 
     </span>
     <span class='ocr_line' id='line_1_13' title="bbox 155 2639 1341 2732; baseline -0.001 -18"><span class='ocrx_word' id='word_1_71' title='bbox 155 2649 270 2715; x_wconf 85' lang='lat' dir='ltr'>rubore</span> <span class='ocrx_word' id='word_1_72' title='bbox 285 2648 465 2732; x_wconf 87' lang='lat' dir='ltr'>aliquorum</span> <span class='ocrx_word' id='word_1_73' title='bbox 479 2668 640 2732; x_wconf 81' lang='lat' dir='ltr'>emergere</span> <span class='ocrx_word' id='word_1_74' title='bbox 662 2649 786 2732; x_wconf 87' lang='lat' dir='ltr'>nequit,</span> <span class='ocrx_word' id='word_1_75' title='bbox 810 2649 945 2715; x_wconf 82' lang='lat' dir='ltr'>forsitan</span> <span class='ocrx_word' id='word_1_76' title='bbox 974 2648 1109 2732; x_wconf 81' lang='lat' dir='ltr'>alicujus</span> <span class='ocrx_word' id='word_1_77' title='bbox 1131 2647 1275 2730; x_wconf 82' lang='lat' dir='ltr'>indigna·</span> <span class='ocrx_word' id='word_1_78' title='bbox 1339 2639 1341 2644; x_wconf 67' lang='grc'>’</span> 
     </span>
     <span class='ocr_line' id='line_1_14' title="bbox 154 2748 1275 2832; baseline 0.003 -17"><span class='ocrx_word' id='word_1_79' title='bbox 154 2750 250 2818; x_wconf 82' lang='lat' dir='ltr'>tionis</span> <span class='ocrx_word' id='word_1_80' title='bbox 271 2751 305 2814; x_wconf 95' lang='lat' dir='ltr'>in</span> <span class='ocrx_word' id='word_1_81' title='bbox 326 2771 377 2817; x_wconf 93' lang='lat' dir='ltr'>me</span> <span class='ocrx_word' id='word_1_82' title='bbox 400 2770 497 2816; x_wconf 87' lang='lat' dir='ltr'>eausa</span> <span class='ocrx_word' id='word_1_83' title='bbox 519 2751 587 2817; x_wconf 89' lang='lat' dir='ltr'>erit.</span> <span class='ocrx_word' id='word_1_84' title='bbox 626 2749 692 2818; x_wconf 81' lang='lat' dir='ltr'>Sed</span> <span class='ocrx_word' id='word_1_85' title='bbox 713 2748 849 2832; x_wconf 87' lang='lat' dir='ltr'>quiade</span> <span class='ocrx_word' id='word_1_86' title='bbox 870 2751 983 2817; x_wconf 91' lang='lat' dir='ltr'>throno</span> <span class='ocrx_word' id='word_1_87' title='bbox 1006 2750 1198 2816; x_wconf 83' lang='lat' dir='ltr'>immutabili</span> <span class='ocrx_word' id='word_1_88' title='bbox 1219 2770 1275 2818; x_wconf 81' lang='lat' dir='ltr'>ouo</span> 
     </span>
     <span class='ocr_line' id='line_1_15' title="bbox 154 2850 1276 2942; baseline 0.002 -26"><span class='ocrx_word' id='word_1_89' title='bbox 154 2851 281 2918; x_wconf 86' lang='lat' dir='ltr'>Veritas</span> <span class='ocrx_word' id='word_1_90' title='bbox 303 2850 505 2936; x_wconf 85' lang='lat' dir='ltr'>depreeatur,</span> <span class='ocrx_word' id='word_1_91' title='bbox 530 2851 720 2919; x_wconf 84' lang='lat' dir='ltr'>Salomon</span> <span class='ocrx_word' id='word_1_92' title='bbox 742 2853 867 2942; x_wconf 57' lang='lat' dir='ltr'>etiam„</span> <span class='ocrx_word' id='word_1_93' title='bbox 884 2852 1011 2936; x_wconf 83' lang='lat' dir='ltr'>sylvam</span> <span class='ocrx_word' id='word_1_94' title='bbox 1032 2852 1276 2920; x_wconf 88' lang='lat' dir='ltr'>Proverbiorum</span> 
     </span>
     <span class='ocr_line' id='line_1_16' title="bbox 155 2952 1325 3039; baseline 0.003 -21"><span class='ocrx_word' id='word_1_95' title='bbox 155 2952 346 3036; x_wconf 81' lang='lat' dir='ltr'>ingrediens,</span> <span class='ocrx_word' id='word_1_96' title='bbox 369 2952 586 3021; x_wconf 86' lang='lat' dir='ltr'>meditandam</span> <span class='ocrx_word' id='word_1_97' title='bbox 614 2955 795 3037; x_wconf 83' lang='lat' dir='ltr'>veritatem,</span> <span class='ocrx_word' id='word_1_98' title='bbox 826 2953 959 3037; x_wconf 88' lang='lat' dir='ltr'>impium</span> <span class='ocrx_word' id='word_1_99' title='bbox 988 2952 1220 3039; x_wconf 80' lang='lat' dir='ltr'>detestandum,</span> <span class='ocrx_word' id='word_1_100' title='bbox 1242 2955 1276 3020; x_wconf 96' lang='lat' dir='ltr'>in</span> <span class='ocrx_word' id='word_1_101' title='bbox 1296 2971 1325 3021; x_wconf 85' lang='lat'>10</span> 
     </span>
    </p>
   </div>
   <div class='ocr_carea' id='block_1_7' title="bbox 536 3187 896 3227">
    <p class='ocr_par' dir='ltr' id='par_1_7' title="bbox 536 3187 896 3227">
     <span class='ocr_line' id='line_1_17' title="bbox 536 3187 896 3227; baseline 0 -3"><span class='ocrx_word' id='word_1_102' title='bbox 536 3187 720 3226; x_wconf 66' lang='lat' dir='ltr'>Annorum</span> <span class='ocrx_word' id='word_1_103' title='bbox 744 3187 896 3227; x_wconf 69' lang='lat' dir='ltr'>emmor.</span> 
     </span>
    </p>
   </div>
   <div class='ocr_carea' id='block_1_8' title="bbox 153 3289 1274 3683">
    <p class='ocr_par' dir='ltr' id='par_1_8' title="bbox 155 3289 1274 3599">
     <span class='ocr_line' id='line_1_18' title="bbox 155 3289 1274 3361; baseline 0.002 -17"><span class='ocrx_word' id='word_1_104' title='bbox 155 3290 220 3360; x_wconf 80' lang='lat' dir='ltr'>Cap.</span> <span class='ocrx_word' id='word_1_105' title='bbox 239 3290 260 3344; x_wconf 88' lang='lat'>1.</span> <span class='ocrx_word' id='word_1_106' title='bbox 299 3292 307 3323; x_wconf 91' lang='lat'><strong>¹</strong></span> <span class='ocrx_word' id='word_1_107' title='bbox 325 3290 357 3343; x_wconf 86' lang='lat' dir='ltr'>A.</span> <span class='ocrx_word' id='word_1_108' title='bbox 375 3289 413 3343; x_wconf 89' lang='lat' dir='ltr'>M.</span> <span class='ocrx_word' id='word_1_109' title='bbox 435 3289 561 3345; x_wconf 71' lang='lat' dir='ltr'>concluse·</span> <span class='ocrx_word' id='word_1_110' title='bbox 769 3293 791 3324; x_wconf 85' lang='lat'>¹⁰</span> <span class='ocrx_word' id='word_1_111' title='bbox 807 3290 934 3361; x_wconf 85' lang='lat' dir='ltr'>Impressi</span> <span class='ocrx_word' id='word_1_112' title='bbox 944 3295 1052 3360; x_wconf 86' lang='lat' dir='ltr'>praeter</span> <span class='ocrx_word' id='word_1_113' title='bbox 1060 3291 1198 3347; x_wconf 88' lang='lat' dir='ltr'>Fraticell.</span> <span class='ocrx_word' id='word_1_114' title='bbox 1218 3308 1274 3347; x_wconf 88' lang='lat' dir='ltr'>orn-</span> 
     </span>
     <span class='ocr_line' id='line_1_19' title="bbox 198 3374 1273 3446; baseline 0.002 -18"><span class='ocrx_word' id='word_1_115' title='bbox 198 3376 209 3408; x_wconf 82' lang='lat'>³</span> <span class='ocrx_word' id='word_1_116' title='bbox 225 3374 256 3428; x_wconf 91' lang='lat' dir='ltr'>P.</span> <span class='ocrx_word' id='word_1_117' title='bbox 275 3380 376 3429; x_wconf 81' lang='lat' dir='ltr'>natura</span> <span class='ocrx_word' id='word_1_118' title='bbox 388 3378 534 3446; x_wconf 79' lang='lat' dir='ltr'>pateretur</span> <span class='ocrx_word' id='word_1_119' title='bbox 807 3391 855 3430; x_wconf 86' lang='lat' dir='ltr'>nes</span> <span class='ocrx_word' id='word_1_120' title='bbox 874 3391 935 3429; x_wconf 86' lang='lat' dir='ltr'>cum</span> <span class='ocrx_word' id='word_1_121' title='bbox 952 3375 1046 3430; x_wconf 85' lang='lat' dir='ltr'>Fioino</span> <span class='ocrx_word' id='word_1_122' title='bbox 1071 3375 1109 3440; x_wconf 84' lang='lat' dir='ltr'>(la</span> <span class='ocrx_word' id='word_1_123' title='bbox 1128 3376 1273 3442; x_wconf 79' lang='lat' dir='ltr'>tirannide)</span> 
     </span>
     <span class='ocr_line' id='line_1_20' title="bbox 198 3459 1273 3531; baseline 0.002 -19"><span class='ocrx_word' id='word_1_124' title='bbox 198 3459 256 3514; x_wconf 73' lang='lat'>³1³.</span> <span class='ocrx_word' id='word_1_125' title='bbox 276 3459 365 3525; x_wconf 81' lang='lat' dir='ltr'>Nunc,</span> <span class='ocrx_word' id='word_1_126' title='bbox 383 3459 416 3513; x_wconf 83' lang='lat' dir='ltr'>de</span> <span class='ocrx_word' id='word_1_127' title='bbox 434 3461 515 3512; x_wconf 75' lang='lat' dir='ltr'>tertia</span> <span class='ocrx_word' id='word_1_128' title='bbox 808 3460 1144 3531; x_wconf 78' lang='lat' dir='ltr'>imperium—Sequimur</span> <span class='ocrx_word' id='word_1_129' title='bbox 1160 3459 1273 3527; x_wconf 81' lang='lat' dir='ltr'>codices,</span> 
     </span>
     <span class='ocr_line' id='line_1_21' title="bbox 199 3543 1148 3599; baseline 0.002 -3"><span class='ocrx_word' id='word_1_130' title='bbox 199 3544 296 3598; x_wconf 81' lang='lat' dir='ltr'>⁸Edd.</span> <span class='ocrx_word' id='word_1_131' title='bbox 315 3559 399 3598; x_wconf 83' lang='lat' dir='ltr'>causa</span> <span class='ocrx_word' id='word_1_132' title='bbox 417 3543 445 3597; x_wconf 80' lang='lat' dir='ltr'>iu</span> <span class='ocrx_word' id='word_1_133' title='bbox 460 3559 501 3596; x_wconf 80' lang='lat' dir='ltr'>me</span> <span class='ocrx_word' id='word_1_134' title='bbox 807 3543 878 3598; x_wconf 90' lang='lat' dir='ltr'>inter</span> <span class='ocrx_word' id='word_1_135' title='bbox 895 3560 924 3599; x_wconf 81' lang='lat' dir='ltr'>se</span> <span class='ocrx_word' id='word_1_136' title='bbox 942 3544 1148 3599; x_wconf 81' lang='lat' dir='ltr'>consentientes.</span> 
     </span>
    </p>

    <p class='ocr_par' dir='ltr' id='par_1_9' title="bbox 153 3625 1223 3683">
     <span class='ocr_line' id='line_1_22' title="bbox 153 3625 1223 3683; baseline -0.004 0"><span class='ocrx_word' id='word_1_137' title='bbox 153 3625 155 3629; x_wconf 80' lang='grc'><strong>’</strong></span> <span class='ocrx_word' id='word_1_138' title='bbox 199 3628 296 3682; x_wconf 82' lang='lat' dir='ltr'>⁹Edd.</span> <span class='ocrx_word' id='word_1_139' title='bbox 309 3633 422 3683; x_wconf 85' lang='lat' dir='ltr'>reeentt.</span> <span class='ocrx_word' id='word_1_140' title='bbox 438 3643 498 3682; x_wconf 88' lang='lat' dir='ltr'>oum</span> <span class='ocrx_word' id='word_1_141' title='bbox 511 3626 548 3680; x_wconf 89' lang='lat' dir='ltr'>M.</span> <span class='ocrx_word' id='word_1_142' title='bbox 564 3633 591 3681; x_wconf 82' lang='lat' dir='ltr'>et</span> <span class='ocrx_word' id='word_1_143' title='bbox 609 3625 660 3681; x_wconf 84' lang='lat' dir='ltr'>Sal</span> <span class='ocrx_word' id='word_1_144' title='bbox 676 3657 687 3668; x_wconf 93' lang='lat'><strong>·</strong></span> <span class='ocrx_word' id='word_1_145' title='bbox 1208 3631 1223 3670; x_wconf 64' lang='grc' dir='ltr'>Α</span> 
     </span>
    </p>
   </div>
   <div class='ocr_carea' id='block_1_9' title="bbox 222 3714 459 3769">
    <p class='ocr_par' dir='ltr' id='par_1_10' title="bbox 222 3714 459 3769">
     <span class='ocr_line' id='line_1_23' title="bbox 222 3714 459 3769; baseline 0 -2"><span class='ocrx_word' id='word_1_146' title='bbox 222 3730 285 3769; x_wconf 79' lang='lat' dir='ltr'>moa</span> <span class='ocrx_word' id='word_1_147' title='bbox 302 3714 382 3768; x_wconf 77' lang='lat' dir='ltr'>etiam</span> <span class='ocrx_word' id='word_1_148' title='bbox 456 3727 459 3731; x_wconf 78' lang='grc'>’</span> 
     </span>
    </p>
   </div>
   <div class='ocr_carea' id='block_1_10' title="bbox 391 3879 1033 3920">
    <p class='ocr_par' dir='ltr' id='par_1_11' title="bbox 391 3879 1033 3920">
     <span class='ocr_line' id='line_1_24' title="bbox 391 3879 1033 3920; baseline 0 -1"><span class='ocrx_word' id='word_1_149' title='bbox 391 3882 434 3919; x_wconf 83' lang='grc' dir='ltr'>ΔΙ)</span> <span class='ocrx_word' id='word_1_150' title='bbox 452 3879 819 3920; x_wconf 76' lang='grc' dir='ltr'><strong>ΙΝΤΕΒΡΒΕΤΑΤΙΟΝΕΜ</strong></span> <span class='ocrx_word' id='word_1_151' title='bbox 836 3881 1033 3919; x_wconf 67' lang='lat' dir='ltr'>baernum.</span> 
     </span>
    </p>
   </div>
   <div class='ocr_carea' id='block_1_11' title="bbox 152 3982 1274 4259">
    <p class='ocr_par' dir='ltr' id='par_1_12' title="bbox 152 3982 1274 4259">
     <span class='ocr_line' id='line_1_25' title="bbox 222 3982 1274 4054; baseline -0.004 -14"><span class='ocrx_word' id='word_1_152' title='bbox 222 3984 295 4054; x_wconf 78' lang='lat' dir='ltr'>Cup.</span> <span class='ocrx_word' id='word_1_153' title='bbox 313 3983 341 4039; x_wconf 88' lang='lat'>1.</span> <span class='ocrx_word' id='word_1_154' title='bbox 388 3982 657 4038; x_wconf 54' lang='lat' dir='ltr'>wimarum.</span> <span class='ocrx_word' id='word_1_155' title='bbox 763 3982 1030 4038; x_wconf 83' lang='lat' dir='ltr'>⁹Proverb.VII.</span> <span class='ocrx_word' id='word_1_156' title='bbox 1057 3988 1080 4035; x_wconf 75' lang='lat'>7.</span> <span class='ocrx_word' id='word_1_157' title='bbox 1108 3982 1274 4049; x_wconf 86' lang='lat' dir='ltr'>„Veritatem</span> 
     </span>
     <span class='ocr_line' id='line_1_26' title="bbox 153 4049 1272 4121; baseline -0.003 -12"><span class='ocrx_word' id='word_1_158' title='bbox 153 4053 327 4109; x_wconf 87' lang='lat' dir='ltr'>meditabitur</span> <span class='ocrx_word' id='word_1_159' title='bbox 336 4055 430 4121; x_wconf 84' lang='lat' dir='ltr'>guttur</span> <span class='ocrx_word' id='word_1_160' title='bbox 439 4067 535 4119; x_wconf 90' lang='lat' dir='ltr'>meum,</span> <span class='ocrx_word' id='word_1_161' title='bbox 546 4058 573 4106; x_wconf 90' lang='lat' dir='ltr'>et</span> <span class='ocrx_word' id='word_1_162' title='bbox 582 4050 655 4105; x_wconf 90' lang='lat' dir='ltr'>labia</span> <span class='ocrx_word' id='word_1_163' title='bbox 667 4066 727 4105; x_wconf 89' lang='lat' dir='ltr'>mea</span> <span class='ocrx_word' id='word_1_164' title='bbox 736 4049 940 4106; x_wconf 85' lang='lat' dir='ltr'>detestabuntur</span> <span class='ocrx_word' id='word_1_165' title='bbox 957 4051 1094 4120; x_wconf 88' lang='lat' dir='ltr'>impium.“</span> <span class='ocrx_word' id='word_1_166' title='bbox 1158 4053 1179 4084; x_wconf 89' lang='lat'>¹⁰</span> <span class='ocrx_word' id='word_1_167' title='bbox 1197 4050 1272 4106; x_wconf 85' lang='lat' dir='ltr'>Salo-</span> 
     </span>
     <span class='ocr_line' id='line_1_27' title="bbox 152 4118 1272 4189; baseline -0.004 -12"><span class='ocrx_word' id='word_1_168' title='bbox 152 4139 216 4178; x_wconf 91' lang='lat' dir='ltr'>mon</span> <span class='ocrx_word' id='word_1_169' title='bbox 233 4137 287 4177; x_wconf 93' lang='lat' dir='ltr'>non</span> <span class='ocrx_word' id='word_1_170' title='bbox 298 4120 366 4175; x_wconf 84' lang='lat' dir='ltr'>alios</span> <span class='ocrx_word' id='word_1_171' title='bbox 381 4120 414 4175; x_wconf 88' lang='lat' dir='ltr'>de</span> <span class='ocrx_word' id='word_1_172' title='bbox 422 4120 575 4175; x_wconf 87' lang='lat' dir='ltr'>meditanda</span> <span class='ocrx_word' id='word_1_173' title='bbox 588 4119 700 4174; x_wconf 81' lang='lat' dir='ltr'>veritate</span> <span class='ocrx_word' id='word_1_174' title='bbox 718 4122 745 4174; x_wconf 89' lang='lat' dir='ltr'>et</span> <span class='ocrx_word' id='word_1_175' title='bbox 762 4119 794 4174; x_wconf 87' lang='lat' dir='ltr'>de</span> <span class='ocrx_word' id='word_1_176' title='bbox 811 4119 970 4175; x_wconf 87' lang='lat' dir='ltr'>detestanda</span> <span class='ocrx_word' id='word_1_177' title='bbox 986 4119 1123 4189; x_wconf 88' lang='lat' dir='ltr'>impietate</span> <span class='ocrx_word' id='word_1_178' title='bbox 1139 4118 1272 4186; x_wconf 87' lang='lat' dir='ltr'>admonet,</span> 
     </span>
     <span class='ocr_line' id='line_1_28' title="bbox 152 4187 760 4259; baseline -0.007 -14"><span class='ocrx_word' id='word_1_179' title='bbox 152 4190 201 4246; x_wconf 84' lang='lat' dir='ltr'>sed</span> <span class='ocrx_word' id='word_1_180' title='bbox 218 4205 247 4245; x_wconf 84' lang='lat' dir='ltr'>se</span> <span class='ocrx_word' id='word_1_181' title='bbox 264 4189 353 4259; x_wconf 86' lang='lat' dir='ltr'>ipsum</span> <span class='ocrx_word' id='word_1_182' title='bbox 370 4189 409 4243; x_wconf 89' lang='lat' dir='ltr'>ita</span> <span class='ocrx_word' id='word_1_183' title='bbox 425 4188 561 4245; x_wconf 85' lang='lat' dir='ltr'>facturum</span> <span class='ocrx_word' id='word_1_184' title='bbox 578 4203 638 4244; x_wconf 80' lang='lat' dir='ltr'>esse</span> <span class='ocrx_word' id='word_1_185' title='bbox 655 4187 760 4243; x_wconf 80' lang='lat' dir='ltr'>asserit.</span> 
     </span>
    </p>
   </div>
   <div class='ocr_carea' id='block_1_12' title="bbox 0 0 1474 4808">
    <p class='ocr_par' dir='ltr' id='par_1_13' title="bbox 0 0 1474 4808">
     <span class='ocr_line' id='line_1_29' title="bbox 0 0 1474 4808; baseline 0 3"><span class='ocrx_word' id='word_1_186' title='bbox 0 0 1474 4808; x_wconf 95' lang='lat' dir='ltr'> </span> 
     </span>
    </p>
   </div>
  </div>
 </body>
</html>
