2940 4808
508 312 792 369 PROLBGOMENA.
1134 313 1212 370 XLV

91 488 296 586 legimusstrt
330 513 366 560 ea
392 490 497 560 virum
525 489 684 584 produnt,
716 489 788 583 qui,
822 488 981 560 maturius
1008 489 1211 582 examinatis,

89 641 170 714 quae
203 619 238 688 in
272 628 442 712 utramque
475 625 600 711 partem
628 625 768 706 certant,
801 616 909 708 gentis
936 639 1029 707 suae,
1062 628 1094 688 et
1128 641 1210 713 quos

88 744 202 816 habuit
227 755 493 840 praeceptorum,
519 743 702 814 tralatitiam
723 744 917 814 sententiam
937 743 1097 841 deposuit,
1124 746 1210 841 quod

88 871 121 942 in
149 871 326 973 admodum
356 869 474 965 juvene
501 871 554 942 vix
586 870 849 965 supponendum.
902 869 966 942 Sed
1004 883 1036 943 et
1069 873 1103 943 in
1137 873 1209 969 ipso

89 999 196 1095 operis
222 999 335 1070 limine
361 1023 396 1069 se
421 997 580 1093 „puhlicis
598 997 803 1069 documentis
829 997 1014 1070 imbutum“
1040 1022 1110 1071 esse
1137 1024 1211 1097 pro·

88 1125 199 1197 litetur
223 1134 351 1216 auctor,
377 1125 463 1221 quod
497 1125 525 1196 is
558 1111 705 1198 demum⁴
726 1125 766 1196 de
800 1148 835 1195 se
871 1125 979 1196 dicere
1005 1136 1127 1221 potest,
1154 1126 1210 1226 qui

91 1275 244 1324 curarum
270 1250 478 1347 Reipublicae
512 1252 788 1324 administrandae
821 1253 885 1323 iam
920 1254 1079 1349 particeps
1106 1254 1210 1325 lactus

90 1390 147 1452 est.
200 1379 309 1451 Prima
334 1403 410 1450 vero
437 1378 570 1472 vestigia
604 1379 706 1450 nostri
740 1379 774 1449 in
807 1379 946 1475 puhlicis
978 1381 1098 1475 patriae
1132 1404 1209 1453 suae

90 1508 229 1602 negotiis
262 1507 420 1578 versantis
453 1506 610 1604 praebent
642 1516 732 1600 gesta
760 1505 894 1578 Consilii
921 1507 1208 1580 Centumvirorum

90 1636 148 1706 sub
167 1635 219 1706 die
236 1634 275 1704 V.
295 1658 400 1705 mens.
427 1634 510 1732 lunii
532 1633 640 1705 1296.
685 1633 840 1704 Triennio
865 1645 940 1731 post
965 1630 1010 1734 (d.
1025 1634 1106 1705 Vlll.
1122 1632 1211 1734 Maji)

89 1761 236 1856 iungitur
270 1755 429 1858 legatione
465 1761 505 1832 ad
532 1758 751 1831 Communem
789 1760 900 1831 Sancti
928 1760 1122 1833 Geminiani.
1172 1761 1210 1833 ln

88 1887 147 1959 laos
182 1889 282 1980 igitur
314 1912 417 1959 annos
451 1888 720 1984 compositionem
756 1888 915 1960 librorum
947 1887 989 1959 de
1023 1888 1211 1961 Mounichia

89 2014 202 2086 cadere
229 2013 432 2109 conjicimus.
818 2028 823 2033 '

190 2140 273 2213 Cum
302 2141 362 2212 hac
388 2152 498 2212 nostra
522 2139 705 2235 conjectura
734 2143 868 2214 mirifice
887 2143 1094 2232 conveniunt,
1120 2168 1211 2240 quae,

88 2268 184 2362 longe
212 2269 306 2339 aliam
333 2269 586 2363 investigationis
603 2270 687 2340 viam
705 2270 884 2363 ingressus,
908 2267 948 2341 de
974 2271 1089 2341 eodem
1116 2295 1211 2366 argu·

90 2402 200 2465 mento
236 2395 346 2477 statuit
376 2394 643 2488 nonnullam)
685 2397 762 2468 olim
807 2393 1093 2489 conjunctissimus
1131 2397 1211 2469 milri

89 2520 229 2614 collega,
262 2546 345 2617 quo,
377 2525 630 2618 Argentoratum
658 2524 814 2613 abeunte,
847 2547 900 2595 me
935 2523 1104 2619 studiaque
1139 2547 1210 2594 mea

88 2648 208 2745 privata
227 2672 309 2739 esse,
329 2647 540 2720 vehementer
559 2649 663 2721 doleo.
708 2649 839 2720 Ultimo.
857 2649 944 2720 enim
973 2651 1079 2744 operis
1107 2650 1211 2744 capite

90 2775 128 2845 de
161 2773 367 2846 Electorihus
401 2775 501 2866 dicta,
535 2785 672 2871 quatuor
704 2775 871 2862 Electores
905 2776 997 2847 initio
1035 2775 1131 2849 1298
1170 2776 1211 2848 de

89 2901 240 2999 ildolplro
256 2902 473 2993 Nassoviensi,
490 2903 650 2999 imperiali
670 2903 825 2998 dignitate
851 2902 1005 3009 privando
1031 2903 1211 2998 cogitantes

90 3039 251 3125 spectare,
284 3030 402 3122 integri
421 3054 505 3101 ‘vero
539 3030 612 3102 libri
647 3031 851 3102 occasionem
885 3029 919 3100 in
954 3030 1082 3127 repulsa
1116 3054 1212 3126 quae·

156 3281 187 3345 ⁴⁵)
205 3277 422 3345 „Admirabar
436 3278 561 3346 equidem
577 3278 780 3348 aliquando,
798 3280 952 3334 Romanum
961 3279 1093 3349 populum
1101 3279 1129 3333 in
1139 3279 1211 3336 Orbe

89 3372 356 3427 terrarumsinenlla
370 3370 524 3426 resistentia
541 3371 627 3425 fnisse
639 3373 820 3441 praefectum
840 3387 923 3440 quum
942 3377 1074 3426 tantum
1093 3386 1212 3441 super-

91 3465 264 3521 ficialiter
291 3465 449 3526 intuens,
478 3464 552 3518 illum
579 3465 654 3518 nullo
677 3466 755 3535 jure,
782 3466 832 3520 sed
858 3481 993 3519 armorum
1021 3464 1212 3520 tantummodo

91 3559 233 3626 violentia,
258 3557 410 3613 obtinuisse
434 3557 644 3612 arbitrabar.
684 3559 738 3613 Sed
764 3563 910 3627 postquam
934 3558 1091 3613 medullitus
1115 3559 1211 3613 oculos

90 3653 188 3708 mentis
205 3646 290 3721 infixi,
307 3654 335 3704 et
352 3664 401 3717 per
420 3644 609 3704 efficacissima
626 3651 702 3719 signa
710 3651 837 3707 Divinam
855 3651 1055 3720 providentiam
1071 3652 1124 3706 hoo
1142 3651 1212 3706 effe-

91 3745 159 3800 cisse
169 3744 297 3812 cognovi,
307 3742 484 3797 admiratione
493 3742 616 3810 cedente,
626 3742 744 3798 derisiva
753 3745 885 3814 quaedam
896 3744 1053 3812 supervenit
1061 3744 1212 3813 despectio,

91 3851 172 3906 quum
195 3841 292 3904 gentes
309 3835 431 3889 noverim
450 3840 545 3889 contra
559 3835 677 3888 Romani
693 3837 788 3905 populi
805 3839 1044 3905 praeeminentiam
1059 3836 1211 3903 fremuisse,

91 3945 174 4000 mum
191 3929 301 3983 videam
318 3929 436 3997 populos
452 3943 524 3983 vane
541 3929 717 3997 meditantes,
738 3935 774 3984 nt
791 3930 869 3999 ipse
889 3930 1056 3992 solebam,
1073 3931 1166 3998 Reges
1184 3936 1213 3986 et

91 4020 231 4090 Principes
247 4022 275 4076 in
293 4022 346 4077 hoc
357 4023 424 4077 vitio
439 4024 646 4087 concordantes,
654 4027 686 4077 nt
697 4023 879 4077 adversentur
888 4022 1005 4077 Domino
1014 4037 1075 4087 suo,
1084 4027 1112 4078 et
1130 4024 1211 4079 unico

92 4126 142 4156 Μ
156 4114 283 4171 Romano
299 4115 443 4183 Principi.“

172 4208 207 4277 ’ἢ
223 4206 256 4263 Iu
273 4208 406 4276 opusculo
424 4223 507 4276 supra
523 4209 644 4263 laudato.
