2940 4808
555 316 838 382 raonaooumrs.
1205 317 1257 390 vn

139 500 268 584 apertos
296 488 367 583 ejus
393 513 522 562 errores
548 488 610 590 (ex.
647 492 732 587 gnl
766 516 835 588 cap.
864 491 885 561 6
921 492 979 563 lin.
1019 491 1076 582 17)
1105 493 1254 562 correxit.

139 615 317 692 Rarissimo
353 619 540 708 lectionem,
581 644 641 716 ope
680 632 826 691 textuum
860 618 900 689 ab
929 619 999 714 ipso
1027 630 1158 690 auctore
1184 597 1259 690 alle·

139 755 309 838 gatorum,
347 747 520 816 emendare
556 748 659 818 editor
689 757 823 829 conatus
850 771 921 818 esse
948 746 1073 817 videtur
1111 749 1171 836 (er.
1206 770 1255 841 gr.

137 872 181 944 lll
220 897 287 967 cap.
321 873 335 942 l
368 874 424 945 lin.
454 873 519 964 29,
558 873 614 949 lin.
651 875 699 946 44
733 885 766 945 et
799 869 888 972 45),
934 897 1037 969 neque
1072 883 1180 944 tamen
1213 874 1257 943 al·

138 1011 206 1072 tera
241 1025 280 1071 ex
322 1010 410 1095 parte
445 1000 563 1071 desunt
596 1025 745 1079 errorum
780 1025 938 1080 novorum
972 1001 1256 1095 ayposterioribus

140 1128 319 1199 editoribus
345 1128 557 1223 repetiturum
583 1129 744 1224 exempla,
770 1140 805 1198 nt
821 1127 894 1199 Lib.
914 1126 941 1197 ll
967 1151 1035 1222 oap.
1060 1127 1103 1212 10
1132 1128 1187 1198 lin.
1209 1129 1255 1198 52

140 1256 304 1351 pupiles
332 1278 390 1349 pro
420 1256 601 1349 pugiles,
634 1265 666 1326 et
705 1280 774 1351 oap.
805 1255 849 1326 12
885 1255 940 1326 lin.
970 1252 991 1325 3
1022 1255 1170 1325 misere
1197 1279 1255 1349 pro

140 1384 320 1454 miseret.
436 1451 439 1455 ,
792 1457 794 1462 ,

242 1509 332 1594 Quae
359 1518 540 1604 sequuntur
565 1509 706 1582 Venetae
733 1509 913 1599 editiones,
936 1532 1072 1604 quarum
1101 1522 1165 1578 tres
1192 1506 1257 1578 An-

48 1705 51 1711 .
140 1662 255 1709 ronrus
274 1636 394 1728 errr,
418 1637 616 1730 reliquarum
644 1661 741 1707 unam
760 1635 846 1711 idern
866 1634 1052 1726 Pisournrs,
1076 1657 1173 1730 quern
1188 1631 1255 1726 jam

141 1765 323 1854 nominavi,
356 1764 506 1854 alteram,
545 1787 687 1860 eamque.
716 1764 864 1835 omnium
899 1764 1091 1858 pessimam,
1131 1760 1257 1832 Puraos

142 1889 285 1963 Garrrus
319 1872 505 1986 evulgavit,
527 1890 565 1964 ad
602 1891 725 1966 literam
761 1891 932 1961 inhaerent
964 1889 1107 1982 vestigiis
1134 1888 1256 1984 primae
1345 1885 1349 1896 ’

141 2018 238 2109 illiuS,
257 2041 338 2113 quae
358 2018 504 2114 Pasquali
524 2018 669 2108 debetur,
689 2042 791 2095 novos
810 2039 937 2088 errores
957 2015 1114 2086 tralatitiis
1134 2014 1254 2111 passim

140 2144 347 2239 adjicientes,
380 2146 467 2216 velut
493 2145 596 2235 Zatta,
630 2170 730 2239 quum
765 2145 820 2215 lib.
848 2142 886 2214 ll.
913 2143 973 2223 lin.
1003 2143 1050 2212 20
1080 2167 1138 2238 pro
1165 2167 1257 2238 por·

140 2273 325 2344 tenderit
358 2272 506 2343 exhibeat
532 2271 807 2366 protenderit.
838 2369 840 2374 Ι
872 2271 964 2350 Unus
992 2269 1141 2341 omniurn
1161 2269 1256 2354 ,Zatta

142 2424 264 2471 novum
292 2401 330 2470 ad
359 2409 465 2470 textus
493 2399 758 2471 emendationem
786 2399 923 2475 contulit
950 2396 1149 2485 subsidium,
1182 2407 1258 2492 puta

140 2528 243 2598 varias
266 2527 478 2621 manuscripti
506 2524 673 2620 cujusdam
703 2526 823 2597 oodiois
850 2525 1017 2612 lectiones,
1043 2548 1121 2619 quas
1149 2535 1257 2594 tamen

138 2679 274 2746 ornnes,
301 2653 538 2750 quantumlibet
564 2654 692 2749 probas,
723 2655 756 2724 in
784 2651 1024 2745 notassrejeoit.
1078 2651 1139 2734 Qui
1168 2650 1259 2742 liber,

141 2780 373 2875 cujusaetatis
400 2782 451 2871 sil,
478 2792 510 2850 et
537 2780 590 2853 nbi
614 2790 770 2870 servetur,
798 2804 837 2850 ne
867 2779 961 2850 verbo
989 2778 1120 2874 quidem
1139 2778 1260 2849 indicat

124 2909 256 2987 editor.
302 2908 360 2978 Vix
388 2918 496 2978 autern
523 2909 703 2978 accuratior
730 2907 852 2978 codicis
877 2907 1119 2979 Felinonsis
1147 2907 1258 2977 notitia

33 3072 36 3077 ·
137 3036 180 3109 ad
218 3060 269 3107 me
305 3044 502 3133 pervenerat,
536 3059 636 3130 quum
666 3058 769 3105 exeo
797 3034 997 3104 lectionesa
1024 3034 1112 3105 Zatta
1140 3032 1259 3128 publici

138 3163 220 3259 juris
255 3165 353 3234 laetas
389 3186 519 3233 manare
552 3159 693 3232 intellexi
706 3157 750 3258 ²),
790 3161 874 3255 quod
910 3161 1156 3256 diligentissima
1190 3157 1259 3253 ejus

140 3293 214 3364 libri
249 3290 376 3361 collatio
412 3301 500 3360 entra
534 3289 669 3360 dubium
706 3291 829 3383 posuit,
861 3287 936 3358 licet
969 3289 1067 3382 longe
1103 3286 1257 3380 majorem

141 3419 333 3489 variantium
370 3440 544 3488 numerum
573 3416 716 3487 Venetus
753 3415 859 3486 editor
892 3415 1020 3486 silentio
1049 3414 1260 3511 praeterierit,

133 3557 173 3623 ,et
208 3545 382 3617 nonnullas
414 3545 509 3615 etiarn
538 3567 674 3614 erronee
702 3543 939 3633 indicaverit.³)
984 3541 1135 3637 Elegans,
1162 3565 1258 3636 quarn

228 3755 248 3818 ²)
267 3753 497 3817 Vide‚.Codionm
516 3749 674 3804 elenchum‘
694 3754 804 3803 nostrae
822 3750 895 3804 tertii
913 3749 974 3804 libri
991 3749 1074 3818 hujus
1086 3746 1182 3822 ‘operis
1201 3746 1261 3802 edi-

141 3846 223 3911 tioni,
248 3861 329 3913 qnam
353 3847 388 3900 ad
415 3844 578 3900 celebranda
595 3842 728 3896 solemnia
746 3842 799 3896 diei
817 3843 903 3896 XXII.
922 3859 956 3897 m.
975 3840 1066 3895 Martii
1086 3844 1148 3894 1871
1169 3839 1262 3908 publi-

141 3940 273 4003 cavimus,
290 3938 476 4006 praemissum.
1207 4003 1209 4008 ,

207 4033 250 4094 Ἰ3)
267 4031 326 4086 Lib.
345 4032 358 4085 Ι
376 4046 434 4100 oap.
456 4036 466 4083 1
487 4030 566 4084 lint
595 4030 657 4084 eod.
676 4028 773 4084 Pelin:
804 4027 976 4100 nonenim
996 4027 1208 4095 estlignum.
1228 4052 1262 4072 =

145 4126 235 4180 Zeita:
265 4141 334 4180 non
358 4140 405 4179 en.
436 4129 490 4178 est
520 4122 667 4190 signum.
701 4121 813 4184 Libit
836 4136 896 4192 usp.
922 4127 937 4176 5
971 4120 1017 4174 lin.
1046 4125 1077 4174 56
1121 4135 1143 4173 o.
1168 4118 1261 4174 Pelius

144 4219 357 4274 subditurus
388 4221 470 4286 post
504 4217 622 4271 boves.
649 4244 683 4256 —
713 4214 804 4269 Zetis:
839 4213 1007 4270 subditur
1036 4219 1118 4289 post
1144 4212 1260 4269 boves.
