2940 4808
466 312 602 367 DANTIS
619 311 839 368 MONARCHIA
855 312 890 367 H.
910 313 939 368 0.
958 317 983 368 8.
1235 313 1276 375 67

153 488 211 551 aut
228 487 342 569 sponte
356 483 428 567 Dei,
450 487 506 549 aut
520 484 662 551 oratione
683 483 884 569 impetrante.
924 485 1075 570 Sponte
1096 486 1159 554 Dei
1174 487 1275 572 dupli-

154 585 249 654 citer:
271 588 326 649 aut
347 604 508 670 expresse,
531 590 586 650 aut
599 605 657 671 per
679 585 813 668 signum.
848 588 1069 673 Expressa,
1092 589 1174 655 sicut
1187 610 1275 658 reve

152 689 255 757 latum
275 687 335 752 fuit
351 685 508 771 judicium
534 685 676 753 Samucli
698 693 807 754 contra
829 686 973 774 Saulem,
1003 711 1074 774 per
1103 691 1275 776 signum,
1293 711 1326 762 to

153 791 236 858 sicut
257 789 418 856 Pharaoni
439 789 617 855 revelatum
642 788 702 854 tuit
722 808 780 872 per
801 789 908 875 signa,
938 790 1024 872 quod
1044 793 1133 858 Deus
1150 793 1275 877 judica

154 896 246 958 verat
259 889 301 957 de
314 890 503 957 liberatione
516 889 653 956 filiorum
666 891 776 956 Israel.
805 889 1275 980 Orationeimpetrante,

154 991 241 1077 quod
269 991 406 1082 sciebat,
435 992 490 1074 qui
518 992 647 1059 dicebat
675 989 815 1058 seeundo
842 992 1123 1078 Paralipomenon:
1151 997 1276 1080 „Quum

151 1093 334 1179 ignoremus
350 1094 426 1175 quid
447 1114 543 1178 agere
566 1093 740 1161 debeamus
760 1093 823 1159 hoc
840 1095 943 1160 solum
962 1095 1118 1162 habemus
1144 1096 1273 1182 residui,

107 1250 118 1261 ,
154 1195 244 1280 quod
266 1196 374 1262 oculos
398 1201 524 1263 nostros
546 1195 590 1262 ad
611 1198 659 1263 Te
681 1194 886 1276 dirigamusf‘
1292 1198 1324 1270 215

238 1297 555 1383 Disceptatione
577 1317 653 1364 vcro
669 1296 877 1364 mediante
898 1297 1081 1382 dupliciter:
1103 1302 1159 1362 aut
1180 1303 1275 1384 sorte,

152 1403 210 1466 aut
224 1399 405 1466 certamine.
443 1397 571 1464 Cartare
587 1398 712 1482 etenim,
736 1399 778 1464 ab
801 1419 839 1465 eo
854 1399 940 1480 quod
955 1403 1004 1465 est
1019 1402 1139 1467 certum
1159 1397 1275 1483 facere,

153 1500 274 1567 dictum
296 1505 354 1566 est.
401 1500 517 1567 Sorte
546 1499 675 1581 quidem
702 1501 766 1566 Dei
790 1499 947 1585 judicium
976 1499 1166 1583 quandoque
1187 1520 1273 1567 reve

152 1604 238 1669 latur
259 1601 455 1685 hominibus,
485 1607 520 1666 ut
541 1607 631 1685 patet
658 1601 692 1667 in
713 1601 937 1668 substitutione
958 1601 1114 1668 Matthiae
1135 1603 1169 1667 in
1189 1601 1274 1668 Acti-

152 1705 213 1783 bus
234 1703 470 1789 Apostolorum.
1292 1729 1325 1779 50
1386 1689 1389 1695 ’

240 1805 470 1872 Certamine
485 1824 562 1871 uero
575 1804 743 1887 dupliciter
754 1805 818 1871 Dei
828 1804 984 1888 judicium
995 1804 1151 1889 aperitur:
1166 1804 1220 1870 vel
1234 1825 1275 1871 ex

153 1907 319 1976 collisione
346 1906 477 1990 virium,
506 1905 587 1972 sicut
615 1904 650 1970 fit
677 1926 748 1991 per
778 1905 961 1973 ducllum
989 1906 1188 1990 pugilum,
1218 1907 1273 1987 qui

154 2009 334 2076 duellioncs
357 2006 453 2074 etiarn
475 1997 641 2092 vocantur,
666 2008 789 2073 velex
812 2008 1072 2075 contentione
1094 2007 1272 2091 plurium

153 2111 197 2178 ad
218 2109 351 2192 aliquod
373 2109 498 2192 signum
519 2110 705 2192 praevalere
729 2109 924 2193 conantium,
953 2107 1034 2174 sicut
1061 2107 1097 2171 fit
1128 2129 1186 2191 per
1217 2127 1273 2192 pu-

152 2233 248 2296 gnam
280 2209 471 2277 athletarum
508 2211 699 2276 currentium
726 2209 770 2276 ad
797 2210 951 2277 bravium.
1004 2210 1129 2275 Primus
1162 2208 1275 2275 horum
1292 2221 1324 2272 55

153 2312 320 2380 modorum
342 2311 429 2397 apud
445 2311 588 2378 Gentiles
609 2311 762 2393 figuratus
783 2312 843 2377 fuit
864 2312 897 2375 in
917 2311 975 2378 illo
1000 2311 1107 2378 duello
1128 2310 1275 2377 Herculis

153 2420 186 2482 et
199 2413 332 2498 Antaei,
356 2414 446 2499 cujus
467 2413 649 2479 Lucanus
671 2412 814 2480 meminit
835 2413 869 2479 in
888 2417 1000 2495 quarto
1016 2412 1220 2496 Pharsaliae,
1242 2417 1275 2477 et
1396 2427 1398 2431 ·

152 2515 324 2584 Ovidius
345 2515 379 2580 in
399 2536 483 2591 nono
505 2514 546 2581 de
566 2535 672 2581 rerum
692 2514 963 2580 transmutatione.
1009 2514 1174 2581 Secundus
1195 2512 1272 2595 figu-

178 2667 202 2699 ⁴²
222 2666 291 2721 Edd.
319 2681 375 2736 per
401 2664 509 2735 sipnnrn
525 2693 560 2704 -
585 2664 685 2719 Nobis·
763 2664 788 2697 ⁴⁴
804 2664 837 2718 V.
855 2663 992 2718 residuam

220 2767 281 2806 cum
319 2749 424 2805 faciunt
464 2749 539 2805 codd.
581 2754 607 2803 et
637 2749 684 2803 Fi·
762 2750 786 2783 ⁴⁵
803 2748 847 2804 Ita
867 2749 896 2802 in
919 2748 1042 2802 omnibus
1064 2752 1173 2817 praeter
1188 2747 1219 2800 P.
1244 2746 1274 2801 in

220 2835 295 2889 cinus
804 2847 858 2901 quo
877 2837 921 2888 est
945 2832 1053 2887 lacuna.
1081 2863 1115 2870 -
1145 2831 1216 2886 Edd.
1243 2838 1275 2885 at

237 2920 268 2974 F.
280 2917 499 2990 judicarentur
517 2917 684 2973 tib-Edd.
804 2917 842 2972 ad
858 2921 884 2975 ta
900 2916 994 2973 ocutos
1011 2916 1162 2987 diriqarnas

220 3009 275 3058 ant.
294 3002 463 3057 indicaverat
480 3002 514 3056 de
532 3002 576 3057 lr'b.
594 3033 629 3042 —
650 3002 684 3056 V.
762 3003 788 3035 ⁴⁷
805 3001 838 3058 L.
855 3033 891 3040 -
912 2999 946 3057 F.
963 2999 994 3054 P.
1015 2999 1120 3055 Certate
1141 3004 1272 3055 ettamen

221 3087 335 3142 abdicas.
354 3087 540 3142 liberationem
804 3117 837 3128 -
855 3087 888 3140 A.
906 3084 940 3138 H.
959 3085 992 3139 V.
1014 3085 1122 3153 Cartare
1139 3085 1220 3140 etiam
1238 3114 1272 3124 -

180 3172 205 3206 44
221 3171 369 3227 Numerum
381 3170 550 3238 singularem,
566 3171 642 3226 codd.
652 3172 684 3225 A.
804 3171 842 3225 M.
861 3175 889 3226 et
906 3169 966 3224 edd.
986 3168 1096 3224 Cartare
1112 3171 1182 3225 enim
1201 3227 1205 3244 ‚

220 3263 248 3312 et
281 3257 319 3311 M.
354 3257 474 3323 sequuti,
509 3256 685 3324 restituimus,
762 3257 787 3290 44
803 3256 837 3312 A.
859 3255 893 3309 F.
911 3255 945 3308 H.
963 3253 994 3308 P.
1012 3255 1046 3310 V.
1063 3284 1098 3294 —
1121 3253 1228 3323 Reliqui
1245 3257 1273 3308 et

219 3357 301 3410 quum
317 3341 400 3396 rerba
424 3355 457 3394 ex
473 3339 686 3410 Paralipomenis
804 3339 863 3395 edd.
882 3337 963 3394 Sorte
979 3340 1113 3409 siqnidem

219 3426 306 3480 relata
328 3425 382 3480 sint
404 3425 485 3480 unius
506 3425 524 3479 J
528 3425 685 3495 osaphat.
820 3423 1271 3495 Eddqaonaoqoeltetjuaatum

221 3540 254 3549 -
280 3508 386 3564 Caeteri
411 3515 439 3564 et
465 3509 523 3564 edd.
554 3510 684 3564 exhibent
762 3509 787 3542 44
803 3509 836 3563 V.
855 3507 930 3579 qaod
941 3517 1021 3579 patet

220 3593 295 3665 qaod
310 3594 440 3660 sotebant,
458 3595 507 3663 qai
522 3593 663 3671 dicebant·
820 3594 854 3646 A.
871 3592 902 3646 P.
919 3590 1025 3646 Mathai

237 3678 336 3733 citatio
359 3681 451 3733 textus
480 3677 574 3733 biblici
598 3682 686 3732 exstat
763 3678 787 3711 ⁶²
803 3676 837 3732 A.
850 3677 884 3730 Η.
903 3677 936 3730 L.
952 3675 985 3728 Μ.
1005 3676 1037 3729 V.
1059 3674 1271 3730 excellentique

218 3763 246 3819 in
264 3762 388 3818 omnibus
411 3766 520 3832 praeter
540 3762 572 3816 L.
598 3767 625 3817 et
641 3762 685 3828 V.,
763 3760 787 3794 44
803 3761 834 3815 Ρ.
853 3763 902 3832 qut
915 3760 1117 3833 perdaellr'ones

139 3880 142 3885 -
218 3847 266 3903 sed
284 3847 361 3902 deest
376 3848 405 3901 in
423 3847 482 3901 edd.
763 3847 786 3879 44
802 3845 873 3901 Edd.
890 3845 1001 3900 Primos
1018 3845 1132 3899 atonrm

177 3933 202 3966 44
219 3933 253 3986 Η.
263 3963 297 3972 -
307 3931 403 4001 reliqui
417 3946 509 3986 omnes
527 3932 686 4002 ipnoramas
764 3930 787 3964 44
804 3931 837 3984 A.
857 3928 1101 3998 transformatione

220 4067 282 4121 ⁴⁰1.
302 4066 447 4121 Samuel.
466 4066 581 4128 (Cathol.
599 4066 732 4134 Regum)
750 4080 809 4133 cap.
832 4069 868 4119 15.
940 4065 963 4097 ⁴¹
981 4063 1016 4120 H.
1033 4063 1193 4132 Moraoap.
1205 4067 1218 4115 7
1230 4079 1269 4132 sq.

186 4135 267 4189 4411.
295 4135 417 4189 chron.
446 4135 559 4196 ‹Cathcl
582 4133 803 4202 Paralipom.)
826 4137 865 4186 211.
889 4149 914 4188 v.
942 4136 978 4184 12.
1067 4132 1091 4164 44
1113 4132 1219 4186 Actus
1244 4136 1268 4185 1.

149 4219 173 4256 r.
194 4206 235 4258 26.
306 4205 327 4237 44
345 4203 454 4257 Lucrur
471 4203 566 4258 Phars.
584 4203 631 4258 IV.
649 4206 707 4257 593.
783 4203 805 4234 44
823 4199 904 4255 Ovm.
921 4199 1130 4270 Metamorphos.
1147 4199 1196 4254 IX.
1212 4202 1268 4254 183.

1029 4287 1065 4338 5*
