2940 4808
468 324 602 379 nauus
620 323 840 379 nonnosum
856 301 891 379 ir.
911 341 933 380 c.
953 330 975 380 3.

612 501 734 575 [elsua
755 499 814 573 nn]

238 648 321 715 Dieo
343 647 441 730 igitur
462 647 505 713 ad
527 649 761 731 quaestionem,
786 647 871 730 quod
892 649 1053 714 Romanus
1075 651 1213 734 populus
1236 650 1276 718 de

150 749 239 837 juro,
268 771 332 816 non
354 749 552 833 usurpando,
576 748 767 816 Monarohae
802 747 954 832 offioium,
990 750 1077 831 quod
1104 752 1276 837 Imperium

153 851 285 935 dleitur,
314 851 377 917 sibi
405 871 501 935 super
528 853 679 917 mortales
702 870 811 917 omnes
839 849 985 917 adsoivit.
1029 852 1124 932 Quod
1146 853 1275 934 quidem

152 953 256 1040 primo
285 951 332 1019 sie
359 953 526 1038 probatur:
554 951 763 1019 Nobilissimo
791 953 911 1035 populo
938 953 1099 1037 convenit,
1130 955 1276 1020 omnibus

152 1054 226 1120 alfls
249 1054 416 1139 praeferri:
438 1054 601 1120 Romanus
615 1052 752 1138 populus
773 1051 832 1118 fuit
847 1053 1079 1138 nobilissimus;
1104 1073 1179 1136 orgo
1203 1077 1274 1122 eon·
1294 1081 1308 1127 5

152 1156 243 1224 venit
266 1155 311 1240 ei,
341 1155 414 1222 aliis
436 1154 582 1221 omnibus
611 1153 772 1239 praeferri.
817 1153 997 1238 Adsumpta
1019 1157 1140 1222 ratione
1161 1159 1276 1240 proba-

152 1265 219 1324 tur:
241 1278 316 1323 nam
339 1276 435 1340 quum
458 1257 559 1322 honor
581 1255 622 1321 sit
642 1255 819 1340 praemium
842 1256 984 1341 virtutis,
1008 1263 1039 1323 et
1062 1258 1163 1324 omnis
1185 1279 1276 1343 prae-

152 1359 233 1426 latio
256 1358 298 1424 sit
319 1360 436 1442 honor,
460 1358 561 1425 omnis
583 1357 740 1440 praelatio
763 1357 889 1423 virtutis
912 1364 961 1424 est
982 1359 1166 1443 praemium.
1212 1359 1278 1426 Sed

155 1464 296 1544 oonstat,
326 1460 412 1541 quod
440 1461 552 1526 merito
581 1458 707 1524 virtutis
735 1459 943 1525 nobilitantur
964 1460 1122 1527 homines:
1151 1461 1277 1528 virtutis

152 1561 308 1628 videlieet
329 1561 492 1644 propriae,
516 1560 569 1626 vel
591 1559 756 1643 majorum.
800 1561 859 1626 Est
880 1562 964 1628 enim
986 1561 1151 1645 nobilitas,
1175 1563 1276 1629 virtus
1297 1589 1327 1637 10

152 1669 187 1732 et
210 1662 343 1730 divitiae
372 1663 537 1745 antiquae,
564 1660 659 1746 juxta
686 1661 979 1746 Philosophum
995 1663 1041 1754 in
1062 1662 1222 1749 Politiois,
1247 1671 1279 1732 et

146 1766 249 1851 juxta
269 1763 290 1830 J
297 1764 524 1830 uvenalom:
941 1770 942 1774 ’

343 1862 494 1929 „Nobilitas
512 1861 593 1915 animi
611 1863 669 1917 sola
687 1869 728 1943 est
745 1868 828 1933 atque
846 1863 926 1918 unica
943 1863 1055 1916 virtus.“

151 1953 245 2033 Quae
278 1952 360 2017 duae
392 1949 568 2025 sententiae
600 1949 643 2015 ad
676 1949 774 2016 duas
807 1950 990 2017 nobilitatos
1023 1951 1153 2017 dantur:
1186 1974 1277 2036 pro-

152 2054 285 2140 priam
307 2050 443 2132 soilioet‚
468 2056 499 2116 et
520 2051 724 2134 majorum.
1298 2081 1328 2131 15

239 2153 325 2235 Ergo
347 2152 524 2235 nobilibus,
554 2152 676 2219 ratione
707 2171 837 2237 oausae,
867 2154 1043 2237 praemium
1069 2155 1277 2238 praelationis

152 2255 348 2324 conveniens
370 2259 427 2319 est.
472 2253 513 2316 Et
536 2273 633 2335 quum
654 2254 797 2339 praemia
825 2254 889 2319 sint
911 2255 1031 2320 meritis
1053 2256 1276 2341 mensuranda,

224 2422 298 2476 nium
308 2464 314 2475 .
325 2461 348 2474 ..
366 2435 415 2488 per
432 2419 509 2488 algua
532 2420 693 2484 exteriora‚‘¹
774 2424 795 2454 ¹⁰
812 2421 843 2474 F.
863 2423 972 2476 uirtutis
987 2422 1091 2477 scilieet
1102 2425 1239 2494 propriae

224 2507 263 2561 ita
299 2505 419 2574 corrupit
447 2503 572 2558 Turrius:
610 2521 692 2574 quatu
811 2505 845 2558 H.
863 2505 901 2560 M.
921 2507 1033 2560 uirtutes
1050 2513 1076 2560 et
1093 2506 1166 2560 dt‘ait.

225 2593 252 2646 ei
275 2590 395 2645 bumana
425 2597 507 2644 satra
533 2597 691 2658 quaeratur,
773 2590 794 2622 ¹³
812 2593 912 2656 aaroni,
935 2591 1019 2659 quod,
1045 2607 1127 2658 quum
1150 2607 1204 2644 non
1228 2591 1278 2644 ha-

225 2692 280 2730 uoa
306 2674 387 2728 aliter
414 2692 495 2745 quara
522 2691 578 2745 pat·
603 2677 690 2744 st'paa
811 2676 906 2728 beatur
932 2674 1005 2743 apud
1036 2674 1208 2739 Iuvenalem,
1235 2690 1279 2728 ex-

224 2761 351 2817 aolaatas
809 2766 966 2827 punxerunt
985 2758 1110 2824 editores,
1128 2775 1222 2814 versus
1233 2776 1279 2814 ex-

154 2847 223 2917 Gap.
240 2846 288 2899 ΠΙ.
328 2844 385 2897 ¹F.
405 2844 472 2899 Ilico
491 2861 557 2913 erpo
811 2843 902 2911 plendi
935 2844 1023 2910 gratia
1059 2842 1166 2899 codices
1197 2860 1279 2898 manu

200 2932 213 2965 ²
228 2931 262 2984 Η.
281 2946 335 2984 uou
353 2929 407 2983 sibi
423 2944 517 2999 usurp.
811 2929 915 2983 exarati
932 2929 1056 2982 inserunt
1077 2929 1196 2983 unanimi
1215 2945 1278 2984 oon-

241 3014 281 3067 M.
298 3014 329 3067 Ρ.
347 3011 527 3067 Monarchiae
545 3012 621 3082 offic.
811 3029 893 3068 sensu

201 3099 273 3153 ³1ta
290 3096 504 3158 omneseEdd.
519 3112 692 3150 otauasmor·
828 3099 860 3152 F.
878 3098 907 3151 P.
926 3104 966 3152 ast
984 3104 1010 3151 at
1026 3098 1108 3151 urtica

225 3183 294 3238 tatas
774 3185 794 3216 ¹¹
812 3183 842 3238 P.
860 3183 936 3249 Quae
953 3183 1076 3237 diuersae
1092 3189 1159 3237 seut.

242 3269 275 3322 A.
294 3282 386 3322 omues
404 3268 517 3321 assumit
774 3268 803 3332 ¹⁴,
820 3270 840 3301 ¹⁵
856 3271 889 3321 A.
900 3268 931 3322 F.
941 3267 1067 3323 P.-M.
1081 3273 1202 3338 primam
1220 3269 1278 3322 soil.

200 3355 220 3417 ¹,
239 3356 250 3388 ⁵
266 3353 298 3406 F.
317 3353 440 3407 omnibus
452 3352 599 3422 praeferri
813 3383 846 3390 -
863 3352 972 3422 Reliqui
989 3353 1026 3407 ad
1039 3354 1185 3424 propriam
1202 3352 1261 3406 soil.

201 3441 212 3472 ¹
231 3439 263 3492 A.
281 3437 329 3490 Μ(
340 3438 373 3491 V.
393 3436 516 3491 omuibus
533 3436 596 3490 aliis
613 3465 646 3473 -
664 3436 692 3488 F.
774 3437 794 3470 ¹¹
811 3437 854 3490 Ita
872 3452 964 3492 omnes
982 3441 1089 3506 praeter
1098 3437 1130 3490 L.
1145 3437 1190 3506 qui
1207 3440 1279 3503 (oum

226 3521 307 3577 etiem
324 3521 368 3575 hio
386 3520 484 3575 omittit
501 3520 565 3574 atus
813 3521 902 3589 editIst
920 3521 1004 3576 habet
1020 3524 1124 3576 raerttt's
1142 3523 1196 3575 siut

201 3609 212 3641 ¹
229 3607 262 3660 V.
279 3607 435 3677 praemium
453 3605 574 3659 ueritatis

226 3741 267 3799 Ga
290 3776 299 3798 .
317 3741 377 3797 111.
415 3741 434 3773 ¹¹
454 3739 529 3806 Quae
547 3754 580 3792 en
597 3741 775 3793 Arusnounnn
793 3740 876 3795 refert
895 3740 1008 3806 Dentes,
1027 3740 1078 3795 etsi
1096 3756 1151 3794 non
1168 3738 1279 3800 totidem

156 3811 256 3878 verbis,
267 3758 409 3864 ¹labentur
426 3807 454 3861 in
463 3808 540 3862 Polit.
552 3807 601 3860 ΠΙ.
616 3811 656 3871 12,
669 3811 709 3873 13,
724 3812 750 3862 et
766 3808 795 3861 in
804 3808 916 3862 Rhetor.
927 3809 961 3862 Il.
974 3814 1012 3861 15.
1085 3809 1108 3840 ¹¹
1125 3808 1279 3862 Juvnnnms

157 3879 240 3936 Satir.
261 3877 335 3932 VIII.
355 3881 396 3931 20.
476 3877 496 3908 ¹¹
514 3875 576 3930 Non
600 3875 667 3929 duas
688 3875 857 3942 nobilitates,
881 3880 912 3929 ut
929 3877 987 3940 hio,
1013 3876 1158 3930 sedunam
1177 3876 1277 3931 solum·

156 3947 250 4014 modo,
268 3945 385 4016 propriis
402 3944 504 3998 meritis
523 3943 683 4012 quaesitam,
702 3944 798 3998 statuit
814 3945 931 3997 Auonoa
947 3944 976 3997 in
995 3943 1131 3998 cantione:
1151 3942 1189 3998 Lu
1208 3944 1282 3998 dolat

157 4017 228 4071 rime
244 4014 348 4069 &aanor
365 4011 432 4068 ab't'o
450 4012 533 4067 solia:

399 4095 444 4151 Ed
460 4097 474 4151 t
492 4102 567 4150 tauto
585 4096 688 4150 durata

397 4164 440 4218 La
457 4165 514 4218 aoso*
529 4164 606 4235 falsa
624 4165 737 4234 aptalon
756 4169 798 4217 tra
816 4165 876 4228 aui,

398 4233 452 4287 obe
470 4234 552 4287 tuom
569 4232 675 4286 abiama
694 4232 768 4286 colui
