2940 4808
552 327 837 384 PROLEGOMENA.
1195 329 1262 383 XIII

143 514 255 576 eontra
290 516 433 601 apertam
462 504 575 574 Dantis
602 505 843 593 auctoritatem,
878 529 931 576 eas
960 529 1024 575 non
1054 506 1173 600 capita,
1203 505 1260 576 sed

140 633 401 727 „paragrapbos“
427 633 516 703 dixit.

243 759 370 849 Editio,
407 785 487 855 quae
516 772 649 830 curante
676 759 818 831 Bostari
846 783 933 829 anno
966 758 1060 829 1853
1095 758 1260 854 Augustae

147 887 368 994 Taurinorum
396 887 502 959 lucem
530 887 617 978 vidit,
645 887 836 969 Turriananr
865 910 976 982 presse
1004 886 1159 981 sequitur,
1188 890 1260 958 novi

142 1015 239 1110 quid,
266 1017 300 1086 iu
327 1025 483 1110 quantum
511 1015 622 1104 video,
659 1014 687 1084 ei
716 1038 783 1085 non
811 1013 1048 1108 superaddam,
1084 1014 1145 1084 nisi
1173 1016 1259 1111 quod

145 1139 302 1235 majorem
323 1166 517 1216 erroruma
536 1141 710 1236 typothetis
730 1140 837 1211 Turrii
864 1142 1116 1211 commissorum
1147 1166 1262 1213 nurne-

144 1293 238 1359 rum,
268 1270 343 1339 iicet
376 1270 460 1340 inter
486 1269 773 1361 „ernendationes“
807 1268 841 1337 in
875 1269 963 1339 calce
990 1268 1166 1340 voluminis
1193 1294 1259 1340 non

143 1395 372 1488 indicaturum,
399 1396 548 1467 correxit.

245 1521 433 1595 Laudabiiis
466 1522 676 1595 Fnsrrouuuu
718 1520 874 1591 modestia
916 1533 948 1592 et
989 1523 1021 1592 in
1064 1522 1260 1595 editionibus

144 1672 306 1720 annorum
348 1650 443 1722 1857
486 1662 518 1722 et
554 1649 646 1721 1861
678 1649 763 1744 ¹plus
798 1673 872 1719 curn
908 1649 1045 1719 aliorum
1080 1651 1259 1721 auctoritati

146 1799 242 1870 quarn
271 1780 403 1873 proprio
428 1777 560 1871 judicio,
587 1777 793 1874 quantumvis
822 1786 965 1865 rnaturo,
1005 1776 1146 1847 tribuere
1173 1777 1260 1848 feeit.

143 1901 298 1975 Turrium
337 1907 529 2002 plerumque
563 1915 736 2000 sequutus,
777 1904 810 1973 in
844 1904 955 1999 paucis
989 1914 1113 1974 tantum
1149 1904 1188 1975 ab
1223 1929 1260 1976 eo

144 2028 323 2130 recessus)
365 2032 393 2103 Ε
420 2033 630 2128 quadraginta
658 2032 772 2120 tribuS,
799 2055 877 2126 quas
905 2055 991 2102 anno
1020 2029 1115 2125 bujus
1142 2032 1261 2103 saeculi

144 2157 190 2228 53
220 2183 473 2255 proposueram,
510 2159 705 2253 conjecturis
738 2158 776 2228 ad
812 2158 1091 2250 Monarchiani),
1130 2160 1262 2253 triginta

146 2295 270 2379 septem
298 2288 499 2384 simpliciter,
527 2311 689 2383 unamque
717 2283 769 2381 (ad
797 2285 869 2356 Lib.
889 2285 932 2355 III
959 2311 1026 2382 cap.
1050 2286 1094 2356 15
1122 2286 1178 2357 tin.
1203 2282 1261 2386 16)

145 2435 205 2506 pro
240 2425 330 2508 parte
372 2439 446 2485 suas
473 2416 564 2504 fecit,
598 2414 653 2483 uni
682 2410 768 2508 (Lib.
796 2413 838 2483 III
865 2436 934 2508 cap.
966 2417 988 2483 4
1017 2414 1072 2483 lin.
1103 2413 1136 2505 6)
1164 2415 1259 2484 aiiarn

143 2537 288 2632 ejusdem
326 2542 572 2636 significationis
607 2540 788 2631 substituit,
822 2551 886 2610 tres
919 2538 972 2639 (ad
1000 2541 1072 2612 Lib.
1100 2542 1112 2611 I
1140 2566 1208 2637 cap.
1238 2541 1259 2611 9

144 2664 201 2736 tiu.
231 2666 264 2758 9,
292 2692 361 2763 cap.
385 2671 429 2740 15
457 2671 513 2740 tiu.
544 2671 590 2738 54
619 2679 650 2738 et
674 2667 746 2739 Lib.
766 2666 793 2736 II
821 2669 931 2763 capt
960 2669 1016 2739 tin.
1047 2670 1106 2759 54)
1135 2670 1262 2758 rnerito,

148 2816 246 2863 unani
266 2789 335 2891 (tib.
352 2795 379 2864 II
405 2798 512 2891 cap.5
539 2797 594 2865 lin.
615 2791 687 2894 61),
716 2818 789 2864 meo
817 2795 947 2890 quidem
973 2794 1108 2888 judicio,
1134 2795 1261 2889 injuria,

142 2919 266 3015 rejecit.
305 2920 461 3014 Euoras,
502 2921 685 2995 Fraticeltio
723 2923 890 3017 proprios,
930 2923 1038 2992 inveni
1072 2948 1261 3019 perpaucos,

148 3071 267 3144 eosque
295 3049 440 3120 leviores.
454 3047 496 3148 ¹⁰)

225 3269 246 3332 ⁸)
264 3266 398 3334 Exempla
417 3281 537 3320 errorum
548 3265 636 3319 Turrii
654 3265 836 3319 aFratieellio
855 3269 1039 3320 correctorum
1058 3265 1191 3332 praebant
1208 3266 1260 3320 Ioci

143 3360 236 3415 Lib.1
263 3375 322 3427 cap.
344 3363 372 3412 12
392 3358 437 3412 lin.
457 3363 496 3412 58.
522 3358 581 3411 Lib.
600 3358 640 3410 III
659 3374 719 3425 cap.
738 3364 753 3413 6
771 3358 872 3425 tiara,
898 3374 957 3426 cap.
988 3363 1018 3412 13
1037 3358 1082 3411 tin.
1103 3363 1141 3412 13.
1166 3359 1260 3427 Neque

144 3453 314 3521 probandam
333 3467 394 3531 esse
412 3451 641 3516 emendationem,
664 3466 745 3519 quam
763 3451 823 3505 Lib.
842 3452 943 3521 Hesp.
964 3457 978 3504 3
998 3452 1041 3504 lin.
1061 3456 1091 3505 41
1111 3451 1137 3503 in
1155 3456 1259 3506 textum

143 3550 284 3612 receperat
302 3545 355 3608 ine,
374 3545 505 3597 intellexit
523 3544 632 3611 quidem
642 3544 819 3608 Fratieellius
837 3545 915 3598 aliam
934 3548 1035 3611 nmen,
1054 3545 1260 3610 nonsanIorem,

142 3640 168 3694 ei
186 3639 362 3693 substituens.

225 3733 245 3797 ⁹)
265 3731 361 3795 Coacta,
388 3748 403 3784 c
423 3731 474 3800 piet
497 3732 650 3784 comestam·
673 3731 703 3784 a't
725 3735 792 3784 testo
819 3729 890 3784 detta
913 3730 1000 3802 Opere
1028 3731 1091 3783 tntu.
1116 3729 1147 3782 ur·
1171 3728 1260 3784 Dante

141 3823 243 3896 Attus,
255 3841 288 3895 p.
308 3828 400 3878 6-11.

209 3919 238 3984 ¹⁰]
256 3917 333 3983 vide,
360 3932 394 3971 ne
421 3916 511 3970 desint
535 3915 665 3983 exempla,
685 3916 758 3970 Libr.
776 3917 803 3970 II
832 3931 890 3983 cap,
909 3921 923 3970 2
958 3917 1003 3969 tin.
1025 3922 1065 3983 51,
1086 3931 1144 3984 cap.
1166 3921 1196 3970 10
1215 3917 1260 3971 tin.

142 4015 184 4064 25.
219 4010 414 4078 Libssleap.
436 4009 529 4062 141111.
549 4015 587 4062 11.
865 4031 868 4036 ·
