2940 4808
451 306 586 360 DANTIS
605 306 822 361 MONARCHIA
840 306 888 360 III.
909 308 936 361 G.
956 313 980 362 4.
1231 307 1271 368 97

150 483 241 548 velut
262 479 377 546 artifex
398 478 528 545 inferior
550 478 709 564 dependet
724 480 766 544 ab
788 478 970 562 architecto,
993 480 1137 565 pluribus
1159 480 1271 546 adver-

150 584 196 649 sis
212 581 408 664 argumentis
423 586 598 664 moventur,
623 601 704 663 quae
721 580 850 661 quidem
866 581 905 646 de
929 600 1044 646 sacra
1061 581 1273 668 Scriptura
1350 646 1351 650 ,

151 684 298 767 eliciunt,
332 687 364 748 et
398 681 438 747 de
470 682 660 764 quibusdam
691 682 822 763 gestis
855 686 921 746 tam
954 683 1068 748 summi
1100 683 1305 769 Pontificius

151 806 248 868 quam
270 785 370 869 ipsius
384 785 596 869 Imperatoris,
618 784 804 851 nonnullum
826 804 902 850 vero
925 784 1099 851 rationis
1121 785 1273 851 indicium

151 890 271 955 habere
292 887 440 953 nituntur.

238 990 357 1054 Dicunt
379 991 463 1054 enim
484 988 628 1073 primo,
653 987 825 1053 secundum
847 987 1035 1072 scripturam
1050 988 1272 1075 Geneseos,

152 1091 241 1175 quod
255 1091 344 1156 Deus
361 1090 436 1157 fecit
459 1090 533 1157 duo
556 1108 698 1170 magna
719 1089 951 1172 luminaria,
980 1089 1135 1156 luminare
1158 1089 1271 1176 majus,

153 1199 185 1260 et
212 1192 368 1258 luminare
396 1194 515 1277 minus,
546 1198 580 1256 ut
608 1192 743 1257 alterurn
770 1195 933 1275 praeesset
962 1189 1042 1276 diei,
1078 1197 1109 1257 et
1137 1193 1273 1259 alterum
1294 1211 1323 1261 ro

152 1293 246 1360 nocti.
285 1295 375 1372 Quae
398 1294 569 1375 allegorice
585 1292 670 1359 dicta
693 1312 763 1359 esse
785 1292 1008 1374 intelligebant
1029 1293 1091 1358 ista
1107 1293 1169 1360 duo
1191 1296 1272 1379 regi-

151 1396 248 1479 mina,
272 1395 394 1460 scilicet
416 1395 638 1480 spirituale
661 1401 693 1460 et
714 1395 950 1478 temporale.
988 1395 1113 1462 Deinde
1129 1404 1272 1481 arguunt,

153 1496 240 1578 quod
269 1496 536 1579 quemadmodum
564 1500 671 1581 Luna,
701 1516 783 1579 quae
812 1499 861 1561 est
888 1495 1043 1563 luminare
1065 1497 1184 1578 minus,
1210 1519 1273 1564 non

151 1664 218 1732 Gap.
239 1663 284 1717 IV.
328 1662 390 1716 ³V.
410 1663 539 1734 pluribus
562 1683 579 1719 a
601 1664 687 1718 diver·
806 1662 936 1723 videatur,
962 1680 1048 1732 neque
1073 1664 1183 1718 Fieinus
1209 1680 1272 1718 con·

221 1750 258 1802 sis
275 1779 307 1789 -
322 1747 400 1813 Edd,
420 1747 516 1814 quibus
536 1748 688 1803 consentire
807 1748 913 1802 sentiat.
923 1779 951 1786 —
963 1748 1064 1802 Fratic.
1084 1765 1145 1802 cum
1162 1749 1201 1802 M.
1219 1766 1273 1803 nou

221 1833 324 1887 videtur
351 1833 475 1899 Flemus,
505 1834 635 1904 plinthus
663 1838 688 1886 et
807 1834 892 1887 ullum
909 1849 972 1886 vero

222 1917 335 1971 diversis
823 1919 939 1972 rationis
956 1917 1110 1971 nonhabet
1127 1918 1161 1971 H.

196 2004 206 2034 ⁴
223 2003 254 2056 P.
273 2004 440 2072 argumentis
457 2009 591 2057 mouentes
769 2004 790 2034 ¹⁰
807 2003 840 2054 H.
859 2008 890 2055 ut
906 2018 990 2055 uuum
999 2008 1141 2072 praeesset

175 2122 177 2138 .
237 2087 270 2141 F.
284 2103 355 2158 quoe
365 2087 646 2158 quidemurpumentu
655 2087 689 2141 de
824 2087 856 2140 L.
874 2086 939 2151 diei,
958 2085 1088 2151 alterum,
1107 2087 1205 2141 omisso
1224 2092 1251 2141 et

195 2173 379 2226 fiLectionem
397 2173 501 2227 nullum
519 2190 591 2239 uero,
609 2189 688 2241 quam
824 2172 858 2224 A.
875 2171 908 2224 F.
919 2170 951 2223 L.
971 2171 1042 2224 RV.
1061 2171 1178 2226 alterum
1190 2189 1274 2243 prue-

221 2257 284 2311 olim
302 2273 353 2326 pro
371 2256 529 2311 senescallum
546 2273 608 2310 vero
624 2257 687 2311 sub·
808 2260 877 2308 esset
894 2257 969 2310 noeti

222 2342 385 2396 stituendam
412 2357 472 2396 esse
499 2341 616 2410 conjeci,
642 2357 687 2394 ex·
769 2343 789 2376 ¹²
805 2341 919 2406 scilieet,
939 2339 1088 2394 addidimus
1111 2358 1172 2395 cum
1189 2343 1223 2395 A.
1242 2342 1273 2395 L.

221 2427 297 2480 hibet
314 2427 371 2481 eod.
382 2427 415 2479 A.
426 2426 583 2494 Respiciens
598 2431 688 2479 tamen
806 2425 838 2478 P.
856 2425 888 2478 V.

223 2510 256 2564 ad
276 2511 528 2579 eaquaehabentur
546 2511 574 2564 in
588 2526 645 2579 cap.
657 2514 685 2563 11
824 2515 956 2580 aequant,
983 2510 1067 2578 quod,
1092 2526 1152 2564 curn
1170 2511 1273 2576 Ficino,

222 2595 309 2659 (nobis
341 2599 389 2660 12.)
419 2595 525 2649 restitui
551 2595 688 2663 antiquam
807 2595 908 2648 habent
926 2610 1025 2661 omnes,
1044 2596 1122 2649 abest
1133 2596 1167 2648 ab
1187 2595 1273 2651 editis.

221 2680 371 2746 lectionem,
391 2695 471 2747 quam
486 2679 595 2732 firmant
612 2678 688 2732 codd.
768 2679 789 2711 ¹³
806 2679 836 2731 F.
851 2678 926 2748 quod
941 2678 1099 2733 sicutLuuu
1112 2709 1136 2716 —
1153 2679 1184 2732 P.
1201 2680 1275 2750 quod

221 2764 252 2816 F.
271 2764 305 2816 H.
325 2765 356 2816 L.
375 2764 404 2816 P.
422 2764 456 2820 V.
482 2764 547 2817 licet
574 2763 689 2817 orationi
808 2763 919 2832 quaudo
937 2762 1017 2815 Lutra

222 2849 340 2915 etiam,
359 2849 400 2922 vel
418 2848 503 2902 simile
513 2847 577 2916 quid
595 2847 688 2901 deesse

222 3000 295 3069 Cap.
310 3000 362 3056 IV.
392 3003 402 3034 ⁸
421 3001 563 3055 Genesis
581 3001 603 3053 1.
617 3005 655 3053 15.
669 3005 706 3054 16.
771 3002 792 3033 ¹¹¹
811 3000 970 3069 Scriptores,
989 3000 1035 3069 qui
1051 2999 1138 3054 medio
1156 3016 1221 3056 aevo
1240 3002 1273 3056 de

152 3070 205 3123 hoc
217 3073 375 3136 argumento
385 3073 545 3135 tractarunt,
565 3072 688 3122 recenset
697 3070 770 3122 Anu.
781 3069 945 3123 Fsmnsnnc
955 3069 996 3122 De
1005 3068 1099 3122 finium
1108 3069 1178 3123 inter
1186 3071 1272 3125 eccle·

152 3138 221 3191 siam
239 3145 266 3190 et
283 3137 416 3191 civitatem
433 3137 614 3205 regundorum
629 3137 731 3204 judicio
750 3136 824 3204 Lips.
847 3141 917 3190 lect.
936 3153 961 3204 p.
981 3140 1090 3190 38-40.
1122 3136 1162 3190 cf.
1181 3139 1271 3192 Ruu-

153 3205 227 3259 dem
244 3205 454 3274 iuRphemerid.
471 3206 541 3273 Juris
560 3204 860 3259 ecclcs.V111.84-se.
894 3204 1018 3258 Sufficiat
1035 3204 1168 3260 adducere
1184 3207 1272 3261 locum

153 3273 283 3341 epistolae
308 3275 471 3327 Inuocnsrrr
495 3274 549 3336 ΙΙΙ,
577 3273 612 3326 ad
637 3273 760 3326 Alexium
786 3273 916 3340 Angelum
941 3273 1057 3326 Orientis
1080 3273 1273 3343 Imperatorem

150 3341 271 3409 scriptae
299 3343 464 3399 {Decretalcs
484 3342 605 3408 Gregorii
622 3342 668 3393 IX.
688 3340 748 3394 Lib.
767 3342 787 3393 1.
815 3341 867 3394 Tit.
887 3346 926 3393 33.
946 3357 1004 3408 cap.
1024 3348 1039 3394 6
1057 3345 1072 3406 ᾖ
1091 3346 1132 3406 4η
1168 3344 1272 3408 „Nosse

153 3409 289 3475 debemus
308 3410 378 3477 quod
396 3409 546 3463 fecitDeus
565 3409 618 3462 duo
629 3424 726 3475 magna
743 3408 886 3462 luminaria
903 3409 932 3462 in
939 3409 1122 3463 firmamento:
1140 3410 1273 3464 luminare

152 3477 249 3544 majus,
268 3484 299 3530 ut
316 3484 453 3546 praeesset
471 3476 530 3540 dici,
550 3483 577 3530 et
593 3477 725 3530 luminare
742 3477 837 3542 minus,
855 3483 886 3531 ut
903 3481 1040 3544 praeesset
1057 3479 1138 3531 nocti.
1164 3478 1273 3531 Utrum-

153 3560 205 3613 que
223 3561 360 3612 magnum;
380 3546 425 3599 sed
444 3545 557 3598 alterum
574 3546 670 3613 majus,
690 3544 752 3613 quia
769 3546 876 3599 nomine
894 3545 963 3599 coeli
975 3545 1130 3612 designatur
1138 3545 1272 3611 Ecclesia,

147 3614 231 3682 juxta
258 3613 329 3681 quod
352 3613 460 3666 Veritas
485 3613 534 3666 ait:
571 3612 680 3677 „Simile
703 3616 745 3666 est
768 3628 880 3680 regnum
905 3613 1040 3667 coelorum
1062 3612 1163 3665 homini
1189 3615 1273 3680 patri-

152 3680 280 3746 familias,
306 3681 351 3749 qui
377 3697 478 3734 summo
505 3697 583 3734 mane
605 3681 733 3734 conduxit
756 3682 893 3748 operarios
915 3682 943 3734 in
961 3681 1065 3733 vineam
1083 3683 1186 3733 suam.“
1221 3681 1274 3736 Per

152 3748 223 3802 diem
240 3765 302 3802 vero
321 3749 469 3815 spiritualis
487 3748 634 3815 accipitur,
659 3754 685 3801 et
702 3755 874 3816 pernoctem
893 3748 1021 3810 carnalis,
1046 3747 1191 3800 secundum
1209 3765 1272 3817 pro·

153 3817 290 3885 pheticum
309 3817 491 3871 testimonium
516 3817 590 3881 „dies
610 3816 662 3868 diei
680 3819 786 3869 eructat
803 3817 928 3882 verbum,
954 3821 980 3868 et
1004 3831 1057 3867 nox
1081 3816 1154 3868 nocti
1171 3816 1273 3871 indicat

154 3885 320 3939 scientiam.“
355 3886 397 3938 Ad
417 3885 612 3938 firmamentum
630 3884 711 3950 igitur
729 3884 803 3948 coeli,
822 3883 874 3937 hoc
892 3887 933 3938 est
949 3882 1104 3936 universalis
1122 3881 1271 3949 Ecclesiae,

152 3953 302 4007 fecitDeus
321 3953 374 4006 duo
392 3969 489 4021 magna
506 3952 657 4015 luminaria,
676 3951 703 4004 id
721 3955 763 4005 est
780 3951 845 4006 duas
858 3967 967 4018 magnas
985 3951 1102 4004 instituit
1120 3950 1271 4018 dignitates,

151 4036 223 4090 quae
249 4025 312 4075 sunt
329 4022 496 4076 Pontificalis
519 4019 682 4084 auctoritas,
711 4024 737 4073 et
754 4019 860 4086 Regalis
885 4024 1014 4086 potestas.
1050 4018 1102 4072 Sed
1124 4020 1183 4084 illa,
1203 4036 1272 4088 quae

153 4097 261 4158 praeest
279 4089 388 4149 diebus,
414 4090 441 4143 id
459 4095 501 4143 est
518 4087 717 4156 spiritualibus,
741 4089 827 4156 major
844 4093 897 4153 est,
924 4102 991 4156 quae
1008 4103 1070 4140 vero
1089 4088 1228 4146 noctibus.
1245 4089 1272 4143 id

154 4161 196 4210 est
214 4158 379 4223 carnalibus,
403 4158 502 4222 minor,
526 4161 557 4210 ut
574 4160 676 4224 quanta
694 4159 734 4209 est
751 4157 820 4209 inter
839 4156 922 4210 solem
941 4161 968 4209 et
985 4156 1088 4220 lunam,
1106 4159 1184 4210 tanta
1200 4157 1273 4212 inter

153 4225 300 4281 Pontifices
318 4233 344 4280 et
362 4226 448 4295 Reges
467 4225 617 4280 differentia
635 4228 840 4292 cognoscatur.“

1120 4312 1133 4361 t
