2940 4808
262 295 321 356 126
507 299 638 353 DANTIS
657 298 878 353 MONARCHIA
895 300 943 352 Ill.
963 301 991 354 (l.
1015 305 1051 354 12.
1072 306 1132 367 (ll.)

207 489 238 540 25
258 471 398 553 speciem
422 476 454 535 et
475 489 584 553 genus,
609 476 640 536 et
662 491 720 555 per
742 490 837 551 quam
862 471 1025 554 reponitur
1048 473 1106 537 sub
1121 472 1379 557 praedicamento

258 571 526 637 substantiae.
580 573 676 638 Pater
703 593 778 638 vero
808 578 856 638 est
883 572 934 656 id,
965 575 1050 654 quod
1082 580 1131 639 est
1161 594 1218 659 per
1247 573 1380 639 formam

258 672 572 756 accidentalem,
597 679 742 754 quaeest
763 674 885 757 relatio,
908 695 965 758 pcr
981 695 1075 755 quam
1088 676 1218 741 sortitur
1239 675 1381 759 speciem

258 774 428 855 quamdam
447 781 479 840 et
496 793 606 858 genus,
623 781 654 841 et
673 776 835 859 reponitur
849 776 907 841 sub
923 794 1040 856 genere
1058 776 1107 841 ad
1129 776 1290 858 aliquid
1313 777 1379 842 sive

257 875 488 941 relationis,
526 876 757 941 Aliter'cmnia
777 877 1001 943 reducerentur
1022 876 1065 941 ad
1087 877 1380 962 praedicamentum

207 999 239 1048 30
259 977 469 1060 substantiam
495 997 592 1058 quum
613 978 701 1042 nulla
723 978 825 1043 forma
847 977 1054 1044 accidentalis
1078 1000 1137 1063 per
1159 979 1378 1063 sesubsistat,

258 1081 378 1160 absque
409 1078 574 1163 hypostasi
603 1079 800 1169 substantiae
822 1080 1037 1146 subsistentis:
1067 1079 1154 1162 quod
1184 1085 1233 1146 est
1254 1082 1378 1147 falsum.

258 1183 360 1261 Quum
384 1200 458 1263 ergo
480 1181 572 1263 Papa
593 1184 625 1244 et
646 1181 823 1263 Imperator
844 1181 907 1245 sint
928 1180 977 1264 id,
1002 1181 1087 1262 quod
1110 1187 1183 1247 sunt
1204 1203 1263 1266 per
1286 1201 1377 1264 quas

258 1282 332 1347 dam
354 1281 541 1364 relationes3
567 1282 642 1362 qnia
664 1303 721 1366 per
742 1284 900 1368 Papatum
922 1291 953 1350 et
974 1304 1032 1367 per
1053 1283 1274 1368 Imperiatum,
1299 1303 1379 1364 quae

257 1384 429 1449 relationes
452 1388 533 1466 sunt,
557 1383 659 1449 altera
681 1385 739 1448 sub
762 1384 883 1449 ambitu
905 1383 1115 1469 paternitatis,
1140 1389 1172 1450 et
1194 1386 1299 1451 altera
1321 1386 1378 1450 sub

207 1512 238 1562 35
257 1487 378 1552 ambitu
402 1483 640 1551 dominationis:
663 1486 863 1552 manifestum
886 1490 935 1551 est
957 1485 1043 1567 quod
1065 1487 1154 1569 Papa
1184 1492 1216 1552 ct
1239 1487 1377 1571 Impera-

256 1592 320 1669 tor,
343 1587 376 1649 in
400 1591 551 1666 quantum
573 1587 771 1671 hujusmodi,
795 1588 915 1652 habent
936 1587 1049 1669 reponi
1071 1589 1142 1653 sub
1164 1587 1378 1673 praedica-

257 1789 414 1856 exsistens
437 1790 495 1853 sub
521 1791 577 1855 illo
600 1811 725 1872 genere.

138 1754 141 1762 ,
257 1693 389 1754 mento
418 1689 655 1772 relationis,
687 1696 719 1756 et
747 1711 805 1774 per
827 1707 1024 1768 consequens
1045 1688 1155 1754 reduci
1180 1689 1224 1753 ad
1246 1687 1379 1771 aliquod

343 1890 434 1958 Unde
465 1890 553 1974 dico,
584 1891 670 1974 quod
699 1892 765 1957 alia
793 1898 841 1957 est
870 1912 1033 1975 mensura,
1062 1890 1105 1955 ad
1135 1912 1229 1973 quam
1259 1891 1381 1958 habent

206 2005 238 2054 40
256 1992 380 2076 reduci,
403 1999 497 2076 prout
520 2001 593 2058 sunt
614 1993 773 2077 homincs3
805 2000 836 2059 et
859 1994 939 2077 alia,
968 1999 1062 2077 prout
1085 1999 1157 2058 sunt
1181 2000 1212 2060 et
1234 1996 1326 2079 Papa
1349 2000 1380 2061 ct

257 2095 441 2179 Imperator.
495 2096 596 2179 Nam,
630 2102 723 2180 prout
751 2101 824 2160 sunt
852 2096 1012 2178 homines,
1033 2095 1170 2160 habent
1197 2094 1310 2162 reduci
1338 2095 1380 2160 ad

225 2225 228 2228 ·
257 2196 410 2279 optimum
433 2196 602 2280 hominem,
627 2197 681 2279 qui
704 2202 751 2264 est
765 2217 914 2263 mensura
930 2196 1069 2262 omnium
1085 2196 1218 2261 aliorum
1243 2203 1276 2263 et
1295 2197 1378 2279 idea,

256 2302 291 2360 ut
313 2297 357 2361 ita
381 2296 495 2380 dicam,
520 2300 663 2380 quisquis
686 2299 742 2364 ille
765 2301 814 2382 sit,
838 2299 880 2364 ad
896 2297 1102 2364 exsistentem
1121 2297 1260 2363 maxime
1283 2319 1380 2364 unum

255 2398 288 2461 in
310 2419 426 2481 genere
449 2419 524 2483 suc;
549 2405 584 2464 ut
606 2400 717 2466 haberi
739 2406 846 2485 potest
868 2422 908 2467 ex
931 2399 1051 2464 ultimis
1073 2398 1115 2463 ad
1137 2399 1378 2466 Nicomachum.
1416 2425 1419 2433 ·

282 2565 305 2597 ²⁴
322 2565 351 2617 P.
370 2581 387 2619 a
404 2568 546 2637 reponitur
569 2567 655 2621 lineae
675 2573 705 2620 25
725 2583 788 2636 prc-

323 2651 377 2704 silit
394 2651 429 2704 ad
446 2651 515 2704 idem
526 2652 788 2706 vocabulumrccur-

323 2751 384 2788 rens
403 2736 430 2788 in
449 2737 494 2789 lin.
514 2741 553 2790 28.
579 2737 685 2790 omissis
704 2738 786 2791 inter-

322 2820 415 2874 mediis

281 2906 304 2937 ²⁴
322 2904 406 2958 Pater
433 2908 502 2958 caim
529 2912 567 2958 ert
593 2906 684 2974 legunt
711 2906 787 2960 codd.

322 2989 442 3043 unanimi
458 3005 598 3044 consensu.

282 3075 305 3107 ²⁴
322 3075 354 3126 A.
373 3075 407 3126 H.
426 3073 457 3126 L.
476 3075 592 3128 P.-V.
610 3076 659 3130 sub
677 3092 738 3146 pert.
754 3075 791 3128 od

323 3159 438 3228 aliquod
447 3189 479 3198 -
489 3160 525 3212 Μ.
535 3160 584 3213 sab
596 3177 657 3230 perr.
667 3159 790 3212 adalind

340 3242 372 3295 V.
389 3259 456 3297 suae
473 3244 614 3297 relationis

283 3328 305 3360 ³¹
324 3327 353 3379 P.
372 3329 473 3396 absque
491 3333 663 3399 compostasy

180 3459 186 3478 Ι
283 3413 305 3444 ³³
322 3412 354 3464 F.
365 3413 438 3463 -A.
445 3411 791 3483 pchapatametpcrIm-

318 3502 447 3567 paratam
465 3527 498 3536 —
515 3497 548 3551 L.
566 3496 603 3548 M.
624 3497 657 3549 V.
672 3495 790 3567 perPa·

317 3589 416 3652 patara
434 3590 460 3634 et
473 3598 527 3652 per
544 3581 693 3652 Imperium
710 3614 744 3620 —
755 3582 788 3635 H.

323 3665 351 3717 P.
357 3682 412 3737 per
421 3665 557 3737 Papatam
576 3666 788 3738 etlmpcriatam

281 3751 303 3783 ³⁴
320 3751 352 3804 F.
370 3751 401 3804 P.
428 3753 554 3806 omittunt
567 3753 744 3823 paternitatis
763 3758 790 3806 ct

322 3836 409 3890 altera
426 3839 475 3891 aab
494 3838 595 3891 ambita

282 3922 304 3954 ³⁴
321 3921 352 3973 F.
369 3923 397 3974 ia
413 3928 543 3991 qsraatara
557 3920 675 3992 lrajasm.
694 3921 790 3975 debent

322 4037 354 4044 —
383 4004 416 4058 L.
438 4007 472 4061 V.
495 4009 522 4059 ia
552 4011 683 4076 quantam
706 4004 790 4076 lajas

323 4144 346 4176 ²⁸
359 4140 457 4195 Verbis
468 4141 750 4210 „praedicamentum“
761 4146 788 4194 et

255 4211 279 4241 ⁴⁴
296 4211 486 4263 Anrsrornnns
505 4209 632 4262 Ethica
650 4209 780 4262 Nicom.
798 4181 812 4260 l

907 2565 1005 2621 lrabeat
1032 2597 1065 2603 -
1097 2565 1126 2618 P.
1161 2567 1189 2619 ia
1221 2570 1267 2637 q'a.
1297 2567 1381 2639 lajas

909 2650 1023 2705 trahetur

870 2737 901 2794 ³⁷,
916 2738 938 2769 ³⁸
951 2736 987 2787 A.
1003 2734 1035 2787 L.
1049 2735 1145 2789 reduci
1154 2736 1191 2789 ad
1200 2737 1308 2806 aliquid
1322 2741 1380 2792 eai-

908 2829 982 2873 sterrs
992 2851 1025 2858 -
1040 2820 1069 2872 P.
1084 2820 1141 2873 recl.
1153 2821 1191 2874 ad
1206 2821 1381 2890 aliquociens

866 2907 888 2936 ⁴⁰
905 2904 937 2960 P.
946 2905 978 2957 V.
997 2913 1023 2956 et
1040 2905 1097 2958 alia
1109 2914 1198 2976 preat
1215 2912 1281 2958 sarit
1299 2906 1379 2978 Papa

867 2991 888 3021 ⁴¹
908 2989 945 3041 M.
964 2988 1035 3042 Nam
1062 2994 1092 3042 at
1116 2997 1179 3042 strat
1202 2989 1325 3045 homines
1349 3022 1378 3030 —

908 3073 942 3126 H.
954 3073 1024 3126 Nara
1042 3080 1072 3125 at
1087 3073 1162 3143 qaod
1177 3079 1240 3128 sant
1258 3075 1381 3130 domines

868 3159 898 3223 ⁴²,
919 3159 942 3191 ⁴³
958 3158 988 3210 P.
1001 3164 1027 3211 et
1036 3158 1112 3212 editt.
1130 3162 1197 3212 antt.
1215 3167 1243 3213 et
1259 3160 1332 3227 ideo,
1350 3166 1379 3213 at

911 3243 1378 3299 mwm-ARHLM

910 3328 943 3380 V.
963 3333 989 3380 et
1006 3327 1073 3390 idco,
1092 3334 1123 3381 at
1140 3329 1227 3383 dicam
1240 3358 1273 3368 -
1291 3330 1378 3384 Ficin.

910 3429 924 3465 c
937 3429 992 3483 per
1009 3412 1066 3466 cosi
1083 3412 1142 3466 dire
1161 3412 1183 3467 il
1199 3415 1257 3484 tipo

869 3497 892 3528 ⁴⁴
910 3497 942 3549 A.
961 3497 993 3550 F.
1012 3497 1046 3551 H.
1065 3498 1097 3551 L.
1116 3499 1146 3551 P.
1165 3497 1198 3550 V.
1223 3499 1251 3551 in
1269 3515 1378 3569 perere,

910 3581 1055 3636 allateret
1088 3583 1121 3635 In
1138 3598 1191 3636 uno
1206 3582 1243 3635 Μ.
1260 3584 1379 3638 habetur

908 3682 965 3729 rao,
984 3667 1056 3733 quod
1073 3667 1168 3721 abesse
1186 3667 1288 3734 nequit.
1380 3665 1384 3671 ’

925 3767 962 3805 ex
980 3749 1081 3805 ultimis
1098 3751 1136 3805 ad
1152 3749 1257 3806 Nicom.
1275 3752 1379 3807 habent

907 3842 963 3889 tam
980 3852 1061 3890 manu
1086 3836 1182 3904 scripti
1204 3852 1286 3904 quam
1305 3838 1378 3908 typis

909 3921 1030 3989 expressi
1048 3921 1131 3988 antiq.
1155 3951 1188 3960 -
1207 3921 1322 3976 Recent.
1341 3939 1379 3977 ex

909 4005 1002 4059 altimo
1021 4005 1059 4060 ad
1076 4004 1136 4059 Nic.

808 4144 919 4220 ,genus‘
930 4141 1008 4207 quasi
1018 4140 1165 4209 synonimis
1175 4141 1260 4193 utitur
1270 4148 1376 4196 auctor.

815 4209 857 4262 ub.
876 4208 909 4260 X.
936 4223 993 4277 cap.
1013 4215 1036 4262 5.
1063 4209 1133 4272 (lect.
1153 4213 1186 4266 8.)
1206 4208 1300 4262 transl.
1320 4215 1375 4264 ant.
