2940 4808
197 319 237 380 50
491 321 625 376 DANTIS
644 320 862 376 MONsRcHIA
879 321 913 375 11.
932 320 962 376 O.
981 326 1005 375 4.

198 493 272 560 dine
308 493 530 578 proturbante‚
570 493 707 558 victores
743 493 910 559 victoriam
948 494 1039 575 sequi
1069 514 1133 560 non
1164 495 1327 578 potuisse,

198 595 339 661 Livius
360 595 394 659 in
417 595 502 661 bello
523 595 644 660 Punico
666 595 747 660 inter
770 594 835 658 alia
856 600 948 675 gesta
971 595 1149 662 conscribit.

282 699 395 763 Nonne
417 696 567 761 transitus
590 695 774 763 Cloeliae
796 695 951 761 mirabilis
972 696 1046 779 fuit,
1076 716 1172 778 quum
1195 699 1327 783 mulier,

148 802 181 853 50
199 818 357 886 quumque
386 797 513 882 captiva
540 797 575 862 in
603 796 769 864 obsidione
796 798 972 880 Porsenae,
1002 798 1145 883 abruptis
1172 799 1328 885 vinculis,

198 903 278 968 miro
299 899 363 966 Dei
385 899 505 965 auxilio
527 897 655 983 adjuta,
684 899 895 964 transnatavit
916 898 1074 982 Tiberim,
1103 900 1185 966 sicut
1208 921 1324 969 omnes

198 1003 264 1070 iere
285 1001 408 1067 scribae
430 1002 592 1067 Romanae
621 1001 668 1065 rei
695 998 739 1063 ad
759 1000 895 1081 gloriam
923 999 1024 1082 ipsius
1047 1005 1324 1069 commemorant?

285 1102 338 1169 Sic
359 1103 453 1168 Illum
474 1121 602 1187 prorsus
618 1102 743 1186 operari
766 1101 915 1184 decebat,
939 1101 993 1182 qni
1016 1107 1129 1169 cuncta
1151 1105 1211 1170 sub
1234 1105 1318 1171 ordi-

198 1207 248 1272 nis
269 1202 505 1292 pulchritudine
519 1204 560 1269 ab
576 1207 705 1269 aeterno
727 1202 882 1288 providit3
906 1206 956 1286 ut,
980 1203 1049 1286 qui,
1073 1205 1228 1288 visibilis,
1253 1213 1321 1273 erat

50 1334 59 1345 ’
149 1311 181 1361 55
199 1307 353 1374 miracula
373 1325 431 1389 pro
453 1305 668 1372 invisibilibus
691 1309 886 1387 ostensurus,
908 1302 1014 1388 Idem,
1044 1305 1233 1392 invisibilis,
1263 1329 1316 1393 pro

200 1409 381 1476 visibilibus
402 1406 460 1472 illa
485 1407 675 1473 ostenderet.

664 1580 785 1655 [carun
807 1579 849 1654 v.]

286 1711 471 1792 Quicunque
493 1717 661 1795 praeterea
682 1712 799 1778 bonnm
820 1711 1028 1794 Reipublicae
1050 1712 1201 1797 intendit,
1225 1713 1315 1780 finem

197 1813 279 1900 juris
301 1811 444 1879 intendit.
482 1811 637 1894 Quodque
660 1813 705 1877 ita
728 1816 892 1896 sequatur,
916 1812 962 1878 sic
977 1813 1166 1881 ostenditur:
1189 1815 1249 1881 Jus
1271 1821 1316 1882 est

227 1966 250 1998 ⁴⁷
267 1965 301 2018 H.
327 1963 359 2017 V.
377 1994 411 2004 -
437 1965 469 2016 A.
494 1962 527 2017 F.
548 1962 581 2016 L.
604 1962 641 2016 Μ.
659 1962 687 2016 Ρ.
707 1967 735 2018 et
812 1965 834 1997 55
851 1962 883 2016 Η.
908 1962 984 2017 Idem
1009 1963 1140 2020 invisibile
1165 1995 1200 2004 -
1227 1967 1259 2018 A.
1277 1965 1316 2020 ld.

269 2049 328 2105 edel.
346 2053 412 2102 antt.
426 2048 607 2118 perturbante
853 2047 973 2102 visibilis.

227 2135 253 2166 ⁴⁸
269 2134 298 2186 P.
317 2134 411 2188 scribit
811 2133 834 2165 55
851 2133 884 2184 A.
907 2132 938 2185 L.
960 2132 995 2185 H.
1010 2149 1066 2204 pro
1084 2133 1262 2188 invisibilibus

225 2218 249 2251 ⁴⁹
266 2218 298 2271 A.
317 2217 348 2271 L.
367 2217 397 2270 Ρ.
417 2216 528 2272 Cocleae
544 2247 578 2254 —
601 2215 635 2270 H.
656 2215 734 2271 Colee
868 2216 1319 2288 Totiuslocirestitutioncmquam

267 2332 301 2340 -
319 2302 350 2356 V.
370 2300 478 2356 Caeciae
494 2332 528 2339 -
545 2300 577 2353 In
594 2300 624 2353 Ρ.
642 2305 732 2354 tamen
868 2300 931 2354 olim
949 2303 1031 2356 talem
1046 2317 1256 2371 proposueram:
1280 2309 1318 2366 ut,

270 2384 733 2441 Cloelieinterlineassubstitutum.
871 2387 921 2454 qui
936 2386 1048 2441 visibilis
1065 2387 1182 2441 visibilia
1194 2395 1256 2441 erat
1272 2389 1319 2441 rni-

229 2473 252 2504 ⁵⁰
268 2471 302 2524 Η.
323 2471 355 2524 L.
367 2471 404 2523 ll.
419 2469 450 2522 P.
460 2468 576 2523 V.-F.
592 2475 734 2540 quantum·
870 2471 1029 2543 rvevvlapro
1040 2472 1217 2527 invisibilibus
1233 2478 1319 2527 osten·

269 2572 383 2625 cumque
408 2559 479 2624 capt.
507 2584 541 2592 —
567 2554 599 2607 A.
626 2569 735 2624 quoque
870 2570 964 2620 snvvvs,
997 2557 1066 2611 idem
1098 2557 1240 2612 invisibilis
1268 2575 1319 2628 per

269 2647 339 2712 capt.
358 2671 389 2679 —
408 2638 479 2694 Edd.
497 2644 524 2693 et
541 2639 649 2710 captiva
870 2640 986 2695 visibilia
1019 2641 1067 2696 illa
1102 2658 1131 2697 se
1158 2642 1318 2709 ostenderet,

228 2727 251 2758 ⁵¹
269 2724 301 2778 V.
320 2731 346 2778 et
364 2723 439 2778 editt.
458 2723 556 2794 adjuta
574 2723 681 2778 anxilio
867 2724 923 2793 jam
940 2725 1115 2794 rejiciendam
1132 2741 1192 2780 esse
1210 2727 1300 2785 credo,

285 2809 317 2862 F.
335 2809 367 2862 L.
386 2809 416 2862 P.
435 2808 468 2863 V.
488 2809 683 2863 transnavit-
699 2809 733 2862 A.
786 2806 849 2877 Cap,
870 2808 902 2862 V.
939 2809 999 2863 21¹¹.
1019 2809 1151 2882 Quodque
1168 2810 1218 2865 illa
1235 2841 1269 2850 -
1286 2811 1317 2865 F.

270 2896 379 2949 transiit
852 2895 990 2963 sequitur,
1017 2911 1096 2963 quam
1122 2895 1266 2951 lectionem
1292 2896 1320 2950 in

228 2979 250 3012 ⁵⁴
267 2978 301 3032 Η.
321 2985 351 3032 nt
369 2980 418 3048 qui
434 2979 538 3034 visibile
554 2984 614 3033 evol
641 3009 655 3016 „
687 2978 734 3031 Fi·
854 2977 913 3032 cod.
924 2978 956 3031 V.
966 2979 1084 3034 secunda
1093 2995 1188 3034 manus
1197 2980 1225 3034 in
1238 2997 1317 3049 marg.

270 3064 345 3118 cinus
372 3069 402 3116 ul
428 3065 478 3133 qui
507 3063 649 3117 invisibilis
675 3069 734 3116 erui
854 3063 970 3117 correxit

268 3146 364 3215 legisse
381 3146 486 3201 videtur

270 3282 293 3313 ⁴⁸
319 3281 410 3335 Minus
432 3281 468 3335 ad
490 3282 568 3334 Lrvrr
590 3282 681 3336 locum
705 3282 802 3336 XXVI.
835 3287 874 3336 11.
908 3282 1060 3351 respexisse
1090 3289 1156 3351 puto
1181 3291 1319 3339 auctorem

181 3360 183 3371 ·
202 3365 281 3419 quam
306 3349 340 3403 ad
359 3348 486 3404 Onosmm
504 3349 549 3403 lV.
569 3353 612 3403 l'l:
643 3349 712 3415 „Ubi
729 3350 868 3420 expositae
890 3352 1024 3420 utrimque
1042 3351 1113 3406 acies
1131 3353 1318 3417 constiterunt,

200 3418 228 3472 in
246 3423 393 3486 conspectu
408 3418 519 3483 Romae,
536 3418 683 3497 praemium
700 3418 808 3474 victoris
825 3417 947 3484 futurae,
970 3422 1062 3474 tantus
1081 3419 1170 3474 subito
1188 3435 1219 3474 se
1235 3420 1320 3475 imber

201 3501 216 3541 e
233 3485 350 3540 nubibus
367 3484 497 3553 grandine
513 3491 612 3540 mutus
631 3485 737 3554 effudit,
756 3493 787 3541 ut
804 3487 913 3541 turbata
931 3503 946 3541 a
992 3486 1050 3552 ina,
1069 3488 1113 3540 vix
1130 3489 1212 3542 armis
1230 3495 1317 3545 reten-

200 3555 244 3620 tis,
267 3554 296 3607 in
313 3568 364 3608 sua
381 3569 410 3608 se
428 3557 519 3608 castra
537 3553 718 3621 colligerent.“
787 3555 810 3588 ⁵²
827 3557 933 3609 Aunnn.
973 3571 1064 3609 1cron.
1081 3556 1123 3609 De
1140 3556 1203 3610 viris
1220 3556 1318 3610 illustr¹

202 3637 260 3690 cap.
283 3627 320 3676 13.
357 3621 476 3689 ansrus
494 3622 512 3674 l.
531 3639 552 3676 c.
572 3621 598 3674 II
627 3627 650 3674 5.
689 3621 765 3688 „Nisi
782 3623 905 3677 hostem“
924 3623 1196 3689 (Porsenam)·„....
1218 3624 1320 3679 Cloelia

201 3689 351 3744 admirabili
376 3689 533 3744 transmeati
557 3689 674 3744 fluminis
700 3690 815 3745 audacia
840 3692 1030 3760 permovisset,
1056 3691 1178 3760 prolecto
1204 3692 1321 3747 Romani

202 3758 334 3840 compulsi
351 3757 466 3812 luissent
483 3759 588 3826 perpeti
605 3766 653 3811 aut
670 3758 860 3839 captivitatem,
877 3760 955 3814 hoste
972 3759 1112 3814 insistente
1125 3760 1253 3828 superati,
1272 3768 1320 3815 aut

202 3832 372 3891 servitutem,
391 3831 499 3894 recepto
518 3825 574 3893 regi
597 3826 740 3894 subjectis
776 3826 815 3881 cf.
833 3828 941 3881 Lrvmn
959 3827 993 3880 Π.
1016 3832 1052 3882 13.
1149 3830 1171 3861 55
1188 3827 1263 3882 Haec
1281 3830 1320 3883 ita

200 3893 373 3961 intelligenda
391 3909 450 3949 esse
467 3900 547 3963 puto:
571 3893 659 3959 Deus,
678 3894 741 3949 dum
758 3894 885 3960 visibilis,
904 3895 932 3948 in
951 3895 1058 3950 Christo
1077 3901 1160 3959 esset,
1180 3903 1211 3950 ut
1226 3897 1319 3952 invisi·

201 3961 267 4016 bilia
277 3962 431 4017 Divinitatis
442 3977 543 4016 arcana
555 3961 748 4026 manifestaret,
759 3963 889 4016 miracula
900 3962 1050 4017 hominibus
1062 3962 1185 4018 ostendit.
1204 3963 1320 4019 'Eadem

201 4029 315 4088 ratione,
334 4030 418 4096 Deus,
436 4047 509 4085 nunc
526 4046 620 4084 rursus
637 4030 786 4098 invisibilis,
803 4030 838 4084 ad
850 4029 1054 4097 significandum
1063 4031 1215 4086 Romanum
1232 4032 1319 4101 Impe-

201 4096 272 4151 rium
293 4097 365 4152 orbis
383 4103 529 4164 terrarum,
546 4098 575 4152 id
592 4103 634 4152 cst
651 4097 775 4152 effectum
792 4098 935 4162 visibilem,
953 4097 1077 4154 divinitus
1095 4115 1154 4154 esse
1169 4100 1319 4167 praedesti·

202 4170 309 4229 natum,
335 4166 465 4221 miracula
491 4167 640 4221 Romanam
667 4166 807 4220 historiam
833 4165 1042 4221 concomitantia
1070 4174 1196 4239 operatus
1228 4173 1319 4224 estet

202 4240 337 4301 operatur.
377 4233 416 4287 Cf.
435 4251 518 4304 supra
537 4250 594 4303 cap.
617 4238 632 4286 2
648 4233 676 4287 in
694 4232 713 4286 f.
735 4281 737 4285 ,
