<?xml version="1.0" encoding="UTF-8"?>
<!DOCTYPE html PUBLIC "-//W3C//DTD XHTML 1.0 Transitional//EN"
    "http://www.w3.org/TR/xhtml1/DTD/xhtml1-transitional.dtd">
<html xmlns="http://www.w3.org/1999/xhtml" xml:lang="en" lang="en">
 <head>
  <title>
</title>
<meta http-equiv="Content-Type" content="text/html;charset=utf-8" />
  <meta name='ocr-system' content='tesseract 3.04.00' />
  <meta name='ocr-capabilities' content='ocr_page ocr_carea ocr_par ocr_line ocrx_word'/>
</head>
<body>
  <div class='ocr_page' id='page_1' title='image "./dantisalligheri00wittgoog_0154.png"; bbox 0 0 2940 4808; ppageno 0'>
   <div class='ocr_carea' id='block_1_1' title="bbox 447 307 1269 369">
    <p class='ocr_par' dir='ltr' id='par_1_1' title="bbox 447 307 1269 369">
     <span class='ocr_line' id='line_1_1' title="bbox 447 307 1269 369; baseline 0.001 -2"><span class='ocrx_word' id='word_1_1' title='bbox 447 313 582 369; x_wconf 85' lang='lat' dir='ltr'><strong>DANTIS</strong></span> <span class='ocrx_word' id='word_1_2' title='bbox 599 311 819 368; x_wconf 84' lang='lat' dir='ltr'><strong>MONARCHIA</strong></span> <span class='ocrx_word' id='word_1_3' title='bbox 835 311 870 366; x_wconf 99' lang='lat' dir='ltr'>H.</span> <span class='ocrx_word' id='word_1_4' title='bbox 889 312 918 367; x_wconf 85' lang='lat' dir='ltr'>O.</span> <span class='ocrx_word' id='word_1_5' title='bbox 938 317 961 365; x_wconf 78' lang='lat'>7.</span> <span class='ocrx_word' id='word_1_6' title='bbox 1231 307 1269 368; x_wconf 91' lang='grc'>61</span> 
     </span>
    </p>
   </div>
   <div class='ocr_carea' id='block_1_2' title="bbox 135 484 1358 2098">
    <p class='ocr_par' dir='ltr' id='par_1_2' title="bbox 135 484 1321 673">
     <span class='ocr_line' id='line_1_2' title="bbox 135 484 1270 574; baseline -0.004 -20"><span class='ocrx_word' id='word_1_7' title='bbox 135 487 229 574; x_wconf 87' lang='lat' dir='ltr'>juris</span> <span class='ocrx_word' id='word_1_8' title='bbox 256 486 497 553; x_wconf 82' lang='lat' dir='ltr'>fundamentum</span> <span class='ocrx_word' id='word_1_9' title='bbox 525 485 629 552; x_wconf 85' lang='lat' dir='ltr'>ordini</span> <span class='ocrx_word' id='word_1_10' title='bbox 657 485 699 550; x_wconf 89' lang='lat' dir='ltr'>sit</span> <span class='ocrx_word' id='word_1_11' title='bbox 720 505 888 551; x_wconf 83' lang='lat' dir='ltr'>annexum.</span> <span class='ocrx_word' id='word_1_12' title='bbox 932 486 1072 550; x_wconf 86' lang='lat' dir='ltr'>Necesse</span> <span class='ocrx_word' id='word_1_13' title='bbox 1094 491 1143 550; x_wconf 87' lang='lat' dir='ltr'>est</span> <span class='ocrx_word' id='word_1_14' title='bbox 1164 484 1270 569; x_wconf 85' lang='lat' dir='ltr'>igitur,</span> 
     </span>
     <span class='ocr_line' id='line_1_3' title="bbox 139 586 1321 673; baseline -0.005 -17"><span class='ocrx_word' id='word_1_15' title='bbox 139 589 294 656; x_wconf 78' lang='lat' dir='ltr'>ordinem</span> <span class='ocrx_word' id='word_1_16' title='bbox 316 587 357 656; x_wconf 87' lang='lat' dir='ltr'>de</span> <span class='ocrx_word' id='word_1_17' title='bbox 375 589 448 673; x_wconf 86' lang='lat' dir='ltr'>jure</span> <span class='ocrx_word' id='word_1_18' title='bbox 473 589 602 656; x_wconf 85' lang='lat' dir='ltr'>servari.</span> <span class='ocrx_word' id='word_1_19' title='bbox 1291 586 1321 637; x_wconf 82' lang='lat'>15</span> 
     </span>
    </p>

    <p class='ocr_par' dir='ltr' id='par_1_3' title="bbox 140 688 1358 1571">
     <span class='ocr_line' id='line_1_4' title="bbox 235 688 1271 776; baseline -0.001 -19"><span class='ocrx_word' id='word_1_20' title='bbox 235 691 399 757; x_wconf 83' lang='lat' dir='ltr'>Romanus</span> <span class='ocrx_word' id='word_1_21' title='bbox 412 691 550 776; x_wconf 90' lang='lat' dir='ltr'>populus</span> <span class='ocrx_word' id='word_1_22' title='bbox 563 691 607 755; x_wconf 83' lang='lat' dir='ltr'>ed</span> <span class='ocrx_word' id='word_1_23' title='bbox 627 688 847 775; x_wconf 84' lang='lat' dir='ltr'>imperandum</span> <span class='ocrx_word' id='word_1_24' title='bbox 863 688 1027 755; x_wconf 87' lang='lat' dir='ltr'>ordinatus</span> <span class='ocrx_word' id='word_1_25' title='bbox 1040 689 1100 754; x_wconf 87' lang='lat' dir='ltr'>fuit</span> <span class='ocrx_word' id='word_1_26' title='bbox 1117 695 1271 773; x_wconf 74' lang='lat' dir='ltr'>unauna,</span> 
     </span>
     <span class='ocr_line' id='line_1_5' title="bbox 140 790 1271 876; baseline -0.003 -15"><span class='ocrx_word' id='word_1_27' title='bbox 140 799 180 861; x_wconf 88' lang='lat' dir='ltr'>et</span> <span class='ocrx_word' id='word_1_28' title='bbox 203 792 266 861; x_wconf 92' lang='lat' dir='ltr'>hoc</span> <span class='ocrx_word' id='word_1_29' title='bbox 288 793 334 859; x_wconf 77' lang='lat' dir='ltr'>sic</span> <span class='ocrx_word' id='word_1_30' title='bbox 350 793 543 859; x_wconf 80' lang='lat' dir='ltr'><strong>declaratur:</strong></span> <span class='ocrx_word' id='word_1_31' title='bbox 567 792 656 859; x_wconf 87' lang='lat' dir='ltr'>Sicut</span> <span class='ocrx_word' id='word_1_32' title='bbox 676 792 733 858; x_wconf 90' lang='lat' dir='ltr'>ille</span> <span class='ocrx_word' id='word_1_33' title='bbox 749 790 897 858; x_wconf 86' lang='lat' dir='ltr'>deficeret</span> <span class='ocrx_word' id='word_1_34' title='bbox 918 791 960 856; x_wconf 85' lang='lat' dir='ltr'>ab</span> <span class='ocrx_word' id='word_1_35' title='bbox 976 791 1052 855; x_wconf 79' lang='lat' dir='ltr'>artis</span> <span class='ocrx_word' id='word_1_36' title='bbox 1067 791 1271 876; x_wconf 78' lang='lat' dir='ltr'>perfectione,</span> 
     </span>
     <span class='ocr_line' id='line_1_6' title="bbox 143 891 1271 978; baseline 0 -18"><span class='ocrx_word' id='word_1_37' title='bbox 143 895 208 978; x_wconf 92' lang='lat' dir='ltr'>qui</span> <span class='ocrx_word' id='word_1_38' title='bbox 228 893 357 960; x_wconf 84' lang='lat' dir='ltr'>finalem</span> <span class='ocrx_word' id='word_1_39' title='bbox 371 895 504 960; x_wconf 76' lang='lat' dir='ltr'>termam</span> <span class='ocrx_word' id='word_1_40' title='bbox 526 900 649 960; x_wconf 85' lang='lat' dir='ltr'>tantum</span> <span class='ocrx_word' id='word_1_41' title='bbox 671 893 858 977; x_wconf 82' lang='lat' dir='ltr'>intenderet,</span> <span class='ocrx_word' id='word_1_42' title='bbox 881 891 988 958; x_wconf 83' lang='lat' dir='ltr'>medie.</span> <span class='ocrx_word' id='word_1_43' title='bbox 1007 913 1094 976; x_wconf 84' lang='lat' dir='ltr'>vero,</span> <span class='ocrx_word' id='word_1_44' title='bbox 1116 912 1174 975; x_wconf 87' lang='lat' dir='ltr'>per</span> <span class='ocrx_word' id='word_1_45' title='bbox 1189 913 1271 976; x_wconf 85' lang='lat' dir='ltr'>quae</span> 
     </span>
     <span class='ocr_line' id='line_1_7' title="bbox 142 995 1272 1088; baseline 0 -26"><span class='ocrx_word' id='word_1_46' title='bbox 142 996 193 1062; x_wconf 85' lang='lat' dir='ltr'>ad</span> <span class='ocrx_word' id='word_1_47' title='bbox 220 997 355 1063; x_wconf 87' lang='lat' dir='ltr'>formam</span> <span class='ocrx_word' id='word_1_48' title='bbox 383 997 591 1081; x_wconf 83' lang='lat' dir='ltr'>pertingeret,</span> <span class='ocrx_word' id='word_1_49' title='bbox 620 1017 685 1062; x_wconf 90' lang='lat' dir='ltr'>non</span> <span class='ocrx_word' id='word_1_50' title='bbox 714 998 852 1079; x_wconf 73' lang='lat' dir='ltr'>cureret,</span> <span class='ocrx_word' id='word_1_51' title='bbox 881 995 928 1060; x_wconf 90' lang='lat' dir='ltr'>sic</span> <span class='ocrx_word' id='word_1_52' title='bbox 955 1000 1084 1078; x_wconf 83' lang='lat' dir='ltr'>natura,</span> <span class='ocrx_word' id='word_1_53' title='bbox 1113 996 1141 1061; x_wconf 91' lang='lat' dir='ltr'>si</span> <span class='ocrx_word' id='word_1_54' title='bbox 1170 997 1272 1088; x_wconf 86' lang='lat' dir='ltr'>solem</span> 
     </span>
     <span class='ocr_line' id='line_1_8' title="bbox 143 1096 1322 1165; baseline -0.006 0"><span class='ocrx_word' id='word_1_55' title='bbox 143 1097 285 1165; x_wconf 85' lang='lat' dir='ltr'>formam</span> <span class='ocrx_word' id='word_1_56' title='bbox 307 1098 521 1164; x_wconf 82' lang='lat' dir='ltr'>universalem</span> <span class='ocrx_word' id='word_1_57' title='bbox 544 1096 673 1165; x_wconf 83' lang='lat' dir='ltr'>diuinae</span> <span class='ocrx_word' id='word_1_58' title='bbox 696 1096 912 1163; x_wconf 83' lang='lat' dir='ltr'>similitudinis</span> <span class='ocrx_word' id='word_1_59' title='bbox 940 1097 974 1161; x_wconf 93' lang='lat' dir='ltr'>in</span> <span class='ocrx_word' id='word_1_60' title='bbox 999 1097 1146 1164; x_wconf 84' lang='lat' dir='ltr'>universo</span> <span class='ocrx_word' id='word_1_61' title='bbox 1168 1098 1269 1164; x_wconf 89' lang='lat' dir='ltr'>inten-</span> <span class='ocrx_word' id='word_1_62' title='bbox 1290 1104 1322 1158; x_wconf 77' lang='lat'>20</span> 
     </span>
     <span class='ocr_line' id='line_1_9' title="bbox 146 1197 1270 1284; baseline 0.002 -21"><span class='ocrx_word' id='word_1_63' title='bbox 146 1197 256 1282; x_wconf 89' lang='lat' dir='ltr'>deret,</span> <span class='ocrx_word' id='word_1_64' title='bbox 285 1199 392 1266; x_wconf 83' lang='lat' dir='ltr'>medin</span> <span class='ocrx_word' id='word_1_65' title='bbox 421 1206 527 1267; x_wconf 82' lang='lat' dir='ltr'>autem</span> <span class='ocrx_word' id='word_1_66' title='bbox 554 1201 739 1282; x_wconf 82' lang='lat' dir='ltr'>negligeret.</span> <span class='ocrx_word' id='word_1_67' title='bbox 791 1197 856 1265; x_wconf 83' lang='lat' dir='ltr'>Sed</span> <span class='ocrx_word' id='word_1_68' title='bbox 883 1202 995 1263; x_wconf 66' lang='lat' dir='ltr'>natine.</span> <span class='ocrx_word' id='word_1_69' title='bbox 1023 1199 1056 1263; x_wconf 91' lang='lat' dir='ltr'>in</span> <span class='ocrx_word' id='word_1_70' title='bbox 1084 1200 1173 1265; x_wconf 87' lang='lat' dir='ltr'>nulla</span> <span class='ocrx_word' id='word_1_71' title='bbox 1200 1221 1270 1284; x_wconf 88' lang='lat' dir='ltr'>per-</span> 
     </span>
     <span class='ocr_line' id='line_1_10' title="bbox 144 1300 1358 1385; baseline 0.002 -19"><span class='ocrx_word' id='word_1_72' title='bbox 144 1300 287 1368; x_wconf 80' lang='lat' dir='ltr'>fectione</span> <span class='ocrx_word' id='word_1_73' title='bbox 310 1300 433 1385; x_wconf 88' lang='lat' dir='ltr'>deficit,</span> <span class='ocrx_word' id='word_1_74' title='bbox 465 1321 561 1384; x_wconf 91' lang='lat' dir='ltr'>quum</span> <span class='ocrx_word' id='word_1_75' title='bbox 590 1302 631 1368; x_wconf 90' lang='lat' dir='ltr'>sit</span> <span class='ocrx_word' id='word_1_76' title='bbox 660 1321 740 1385; x_wconf 90' lang='lat' dir='ltr'>opus</span> <span class='ocrx_word' id='word_1_77' title='bbox 769 1300 898 1367; x_wconf 81' lang='lat' dir='ltr'>divinae</span> <span class='ocrx_word' id='word_1_78' title='bbox 920 1300 1167 1383; x_wconf 72' lang='lat' dir='ltr'>intelligentiae,</span> <span class='ocrx_word' id='word_1_79' title='bbox 1196 1321 1271 1384; x_wconf 81' lang='lat' dir='ltr'>ergo</span> <span class='ocrx_word' id='word_1_80' title='bbox 1355 1313 1358 1332; x_wconf 74' lang='lat'>⁵</span> 
     </span>
     <span class='ocr_line' id='line_1_11' title="bbox 147 1401 1271 1488; baseline 0.004 -21"><span class='ocrx_word' id='word_1_81' title='bbox 147 1401 258 1469; x_wconf 86' lang='lat' dir='ltr'>medie</span> <span class='ocrx_word' id='word_1_82' title='bbox 279 1404 386 1470; x_wconf 85' lang='lat' dir='ltr'>omnia</span> <span class='ocrx_word' id='word_1_83' title='bbox 407 1403 557 1487; x_wconf 85' lang='lat' dir='ltr'>intendit,</span> <span class='ocrx_word' id='word_1_84' title='bbox 581 1424 638 1488; x_wconf 87' lang='lat' dir='ltr'>per</span> <span class='ocrx_word' id='word_1_85' title='bbox 660 1423 742 1485; x_wconf 84' lang='lat' dir='ltr'>quae</span> <span class='ocrx_word' id='word_1_86' title='bbox 764 1401 808 1468; x_wconf 84' lang='lat' dir='ltr'>ad</span> <span class='ocrx_word' id='word_1_87' title='bbox 822 1401 967 1467; x_wconf 90' lang='lat' dir='ltr'>ultimum</span> <span class='ocrx_word' id='word_1_88' title='bbox 990 1422 1066 1467; x_wconf 85' lang='lat' dir='ltr'>suae</span> <span class='ocrx_word' id='word_1_89' title='bbox 1087 1403 1271 1471; x_wconf 87' lang='lat' dir='ltr'>intentionis</span> 
     </span>
     <span class='ocr_line' id='line_1_12' title="bbox 149 1503 325 1571; baseline 0.011 -2"><span class='ocrx_word' id='word_1_90' title='bbox 149 1503 325 1571; x_wconf 82' lang='lat' dir='ltr'>devenitur.</span> 
     </span>
    </p>

    <p class='ocr_par' dir='ltr' id='par_1_4' title="bbox 149 1606 1321 2098">
     <span class='ocr_line' id='line_1_13' title="bbox 234 1606 1321 1690; baseline 0.004 -20"><span class='ocrx_word' id='word_1_91' title='bbox 234 1608 339 1687; x_wconf 74' lang='lat' dir='ltr'>Quum</span> <span class='ocrx_word' id='word_1_92' title='bbox 361 1627 437 1690; x_wconf 83' lang='lat' dir='ltr'>ergo</span> <span class='ocrx_word' id='word_1_93' title='bbox 459 1606 531 1672; x_wconf 89' lang='lat' dir='ltr'>finis</span> <span class='ocrx_word' id='word_1_94' title='bbox 553 1607 683 1671; x_wconf 84' lang='lat' dir='ltr'>hnmani</span> <span class='ocrx_word' id='word_1_95' title='bbox 704 1606 830 1690; x_wconf 83' lang='lat' dir='ltr'>generis</span> <span class='ocrx_word' id='word_1_96' title='bbox 853 1606 909 1690; x_wconf 89' lang='lat' dir='ltr'>sit,</span> <span class='ocrx_word' id='word_1_97' title='bbox 934 1612 967 1673; x_wconf 89' lang='lat' dir='ltr'>et</span> <span class='ocrx_word' id='word_1_98' title='bbox 988 1607 1030 1672; x_wconf 93' lang='lat' dir='ltr'>sit</span> <span class='ocrx_word' id='word_1_99' title='bbox 1051 1607 1184 1690; x_wconf 85' lang='lat' dir='ltr'>aliquod</span> <span class='ocrx_word' id='word_1_100' title='bbox 1205 1628 1269 1674; x_wconf 89' lang='lat' dir='ltr'>me·</span> <span class='ocrx_word' id='word_1_101' title='bbox 1290 1614 1321 1666; x_wconf 77' lang='lat'>25</span> 
     </span>
     <span class='ocr_line' id='line_1_14' title="bbox 150 1704 1272 1794; baseline 0.005 -21"><span class='ocrx_word' id='word_1_102' title='bbox 150 1704 239 1773; x_wconf 91' lang='lat' dir='ltr'>dium</span> <span class='ocrx_word' id='word_1_103' title='bbox 267 1709 482 1774; x_wconf 85' lang='lat' dir='ltr'>necessarium</span> <span class='ocrx_word' id='word_1_104' title='bbox 516 1708 682 1773; x_wconf 84' lang='lat' dir='ltr'>adfinem</span> <span class='ocrx_word' id='word_1_105' title='bbox 717 1713 849 1773; x_wconf 81' lang='lat' dir='ltr'>naturae</span> <span class='ocrx_word' id='word_1_106' title='bbox 878 1708 1106 1794; x_wconf 72' lang='lat' dir='ltr'>universalem,</span> <span class='ocrx_word' id='word_1_107' title='bbox 1142 1731 1272 1779; x_wconf 88' lang='lat' dir='ltr'>necesse</span> 
     </span>
     <span class='ocr_line' id='line_1_15' title="bbox 153 1809 1270 1895; baseline 0.003 -20"><span class='ocrx_word' id='word_1_108' title='bbox 153 1815 215 1893; x_wconf 93' lang='lat' dir='ltr'>est,</span> <span class='ocrx_word' id='word_1_109' title='bbox 238 1815 384 1874; x_wconf 81' lang='lat' dir='ltr'>naturum</span> <span class='ocrx_word' id='word_1_110' title='bbox 407 1810 512 1895; x_wconf 92' lang='lat' dir='ltr'>ipsum</span> <span class='ocrx_word' id='word_1_111' title='bbox 534 1809 709 1877; x_wconf 87' lang='lat' dir='ltr'>intendere.</span> <span class='ocrx_word' id='word_1_112' title='bbox 753 1811 887 1894; x_wconf 86' lang='lat' dir='ltr'>Propter</span> <span class='ocrx_word' id='word_1_113' title='bbox 917 1811 1002 1891; x_wconf 90' lang='lat' dir='ltr'>quod</span> <span class='ocrx_word' id='word_1_114' title='bbox 1030 1811 1111 1877; x_wconf 88' lang='lat' dir='ltr'>hene</span> <span class='ocrx_word' id='word_1_115' title='bbox 1134 1811 1270 1878; x_wconf 92' lang='lat' dir='ltr'>Philo-</span> 
     </span>
     <span class='ocr_line' id='line_1_16' title="bbox 150 1910 1270 2001; baseline 0.002 -25"><span class='ocrx_word' id='word_1_116' title='bbox 150 1910 314 2001; x_wconf 82' lang='lat' dir='ltr'>sophus,</span> <span class='ocrx_word' id='word_1_117' title='bbox 343 1918 489 1978; x_wconf 84' lang='lat' dir='ltr'>naturam</span> <span class='ocrx_word' id='word_1_118' title='bbox 511 1932 637 1996; x_wconf 86' lang='lat' dir='ltr'>semper</span> <span class='ocrx_word' id='word_1_119' title='bbox 664 1929 759 1993; x_wconf 80' lang='lat' dir='ltr'>egere</span> <span class='ocrx_word' id='word_1_120' title='bbox 783 1915 914 1995; x_wconf 87' lang='lat' dir='ltr'>propter</span> <span class='ocrx_word' id='word_1_121' title='bbox 935 1910 1046 1995; x_wconf 90' lang='lat' dir='ltr'>finem,</span> <span class='ocrx_word' id='word_1_122' title='bbox 1074 1911 1270 1979; x_wconf 90' lang='lat' dir='ltr'>insecundo</span> 
     </span>
     <span class='ocr_line' id='line_1_17' title="bbox 149 2012 1270 2098; baseline 0.001 -20"><span class='ocrx_word' id='word_1_123' title='bbox 149 2014 200 2080; x_wconf 94' lang='lat' dir='ltr'>De</span> <span class='ocrx_word' id='word_1_124' title='bbox 235 2013 373 2079; x_wconf 86' lang='lat' dir='ltr'>naturali</span> <span class='ocrx_word' id='word_1_125' title='bbox 416 2012 527 2078; x_wconf 84' lang='lat' dir='ltr'>auditu</span> <span class='ocrx_word' id='word_1_126' title='bbox 571 2014 694 2098; x_wconf 83' lang='lat' dir='ltr'>probat.</span> <span class='ocrx_word' id='word_1_127' title='bbox 764 2012 805 2077; x_wconf 84' lang='lat' dir='ltr'>Et</span> <span class='ocrx_word' id='word_1_128' title='bbox 849 2012 924 2094; x_wconf 87' lang='lat' dir='ltr'>quia</span> <span class='ocrx_word' id='word_1_129' title='bbox 966 2013 1009 2077; x_wconf 83' lang='lat' dir='ltr'>ad</span> <span class='ocrx_word' id='word_1_130' title='bbox 1051 2014 1134 2079; x_wconf 90' lang='lat' dir='ltr'>hunc</span> <span class='ocrx_word' id='word_1_131' title='bbox 1175 2013 1270 2079; x_wconf 89' lang='lat' dir='ltr'>finem</span> 
     </span>
    </p>
   </div>
   <div class='ocr_carea' id='block_1_3' title="bbox 178 2214 1272 3728">
    <p class='ocr_par' dir='ltr' id='par_1_5' title="bbox 178 2214 1271 2369">
     <span class='ocr_line' id='line_1_18' title="bbox 178 2214 1268 2286; baseline -0.001 -18"><span class='ocrx_word' id='word_1_132' title='bbox 178 2216 198 2248; x_wconf 82' lang='lat'>¹⁴</span> <span class='ocrx_word' id='word_1_133' title='bbox 215 2214 249 2268; x_wconf 92' lang='lat' dir='ltr'>H.</span> <span class='ocrx_word' id='word_1_134' title='bbox 262 2214 293 2268; x_wconf 91' lang='lat' dir='ltr'>P.</span> <span class='ocrx_word' id='word_1_135' title='bbox 312 2215 397 2285; x_wconf 66' lang='grc' dir='ltr'>ἐρέτην</span> <span class='ocrx_word' id='word_1_136' title='bbox 415 2214 541 2268; x_wconf 82' lang='lat' dir='ltr'><strong>est—M.</strong></span> <span class='ocrx_word' id='word_1_137' title='bbox 560 2218 600 2268; x_wconf 80' lang='lat' dir='ltr'>est</span> <span class='ocrx_word' id='word_1_138' title='bbox 616 2230 682 2286; x_wconf 72' lang='lat' dir='ltr'>erpo</span> <span class='ocrx_word' id='word_1_139' title='bbox 761 2215 785 2248; x_wconf 82' lang='lat'>²⁰</span> <span class='ocrx_word' id='word_1_140' title='bbox 801 2215 834 2267; x_wconf 94' lang='lat' dir='ltr'>A.</span> <span class='ocrx_word' id='word_1_141' title='bbox 851 2215 972 2284; x_wconf 81' lang='lat' dir='ltr'>sormam</span> <span class='ocrx_word' id='word_1_142' title='bbox 995 2214 1153 2269; x_wconf 82' lang='lat' dir='ltr'>diversalem</span> <span class='ocrx_word' id='word_1_143' title='bbox 1180 2245 1214 2255; x_wconf 93' lang='lat'><em>-</em></span> <span class='ocrx_word' id='word_1_144' title='bbox 1236 2214 1268 2268; x_wconf 92' lang='lat' dir='ltr'>L.</span> 
     </span>
     <span class='ocr_line' id='line_1_19' title="bbox 216 2298 1271 2369; baseline 0.002 -18"><span class='ocrx_word' id='word_1_145' title='bbox 216 2328 250 2339; x_wconf 95' lang='lat'>—</span> <span class='ocrx_word' id='word_1_146' title='bbox 267 2299 300 2351; x_wconf 91' lang='lat' dir='ltr'>A.</span> <span class='ocrx_word' id='word_1_147' title='bbox 319 2299 351 2352; x_wconf 92' lang='lat' dir='ltr'>F.</span> <span class='ocrx_word' id='word_1_148' title='bbox 369 2315 435 2369; x_wconf 72' lang='lat' dir='ltr'>erpo</span> <span class='ocrx_word' id='word_1_149' title='bbox 452 2310 493 2352; x_wconf 85' lang='lat' dir='ltr'>est</span> <span class='ocrx_word' id='word_1_150' title='bbox 800 2298 1019 2369; x_wconf 78' lang='lat' dir='ltr'>formhumilem</span> <span class='ocrx_word' id='word_1_151' title='bbox 1029 2300 1098 2354; x_wconf 89' lang='lat' dir='ltr'>—P.</span> <span class='ocrx_word' id='word_1_152' title='bbox 1106 2300 1189 2369; x_wconf 81' lang='lat' dir='ltr'><strong>form.</strong></span> <span class='ocrx_word' id='word_1_153' title='bbox 1199 2299 1271 2354; x_wconf 83' lang='lat' dir='ltr'>velut</span> 
     </span>
    </p>

    <p class='ocr_par' dir='ltr' id='par_1_6' title="bbox 180 2383 1271 3219">
     <span class='ocr_line' id='line_1_20' title="bbox 180 2383 1126 2440; baseline 0.001 -3"><span class='ocrx_word' id='word_1_154' title='bbox 180 2386 201 2418; x_wconf 77' lang='lat'>¹⁵</span> <span class='ocrx_word' id='word_1_155' title='bbox 217 2384 250 2437; x_wconf 92' lang='lat' dir='ltr'>A.</span> <span class='ocrx_word' id='word_1_156' title='bbox 268 2383 300 2436; x_wconf 95' lang='lat' dir='ltr'>F.</span> <span class='ocrx_word' id='word_1_157' title='bbox 318 2384 350 2438; x_wconf 91' lang='lat' dir='ltr'>L.</span> <span class='ocrx_word' id='word_1_158' title='bbox 368 2384 399 2436; x_wconf 91' lang='lat' dir='ltr'>P.</span> <span class='ocrx_word' id='word_1_159' title='bbox 417 2416 451 2422; x_wconf 96' lang='lat'><strong>—</strong></span> <span class='ocrx_word' id='word_1_160' title='bbox 474 2385 508 2438; x_wconf 93' lang='lat' dir='ltr'>H.</span> <span class='ocrx_word' id='word_1_161' title='bbox 528 2383 682 2440; x_wconf 78' lang='lat' dir='ltr'>ordinatum</span> <span class='ocrx_word' id='word_1_162' title='bbox 760 2383 784 2416; x_wconf 78' lang='lat'>2¹</span> <span class='ocrx_word' id='word_1_163' title='bbox 800 2383 833 2437; x_wconf 97' lang='lat' dir='ltr'>L.</span> <span class='ocrx_word' id='word_1_164' title='bbox 851 2383 887 2437; x_wconf 90' lang='lat' dir='ltr'><strong>M.</strong></span> <span class='ocrx_word' id='word_1_165' title='bbox 904 2384 1019 2439; x_wconf 77' lang='lat' dir='ltr'>mediam</span> <span class='ocrx_word' id='word_1_166' title='bbox 1037 2389 1126 2439; x_wconf 82' lang='lat' dir='ltr'>autem</span> 
     </span>
     <span class='ocr_line' id='line_1_21' title="bbox 217 2467 1187 2540; baseline 0.003 -18"><span class='ocrx_word' id='word_1_167' title='bbox 217 2469 251 2523; x_wconf 83' lang='lat' dir='ltr'>de</span> <span class='ocrx_word' id='word_1_168' title='bbox 267 2470 336 2540; x_wconf 77' lang='lat' dir='ltr'>jure</span> <span class='ocrx_word' id='word_1_169' title='bbox 359 2469 465 2524; x_wconf 80' lang='lat' dir='ltr'>servari</span> <span class='ocrx_word' id='word_1_170' title='bbox 488 2499 521 2508; x_wconf 83' lang='lat'>—</span> <span class='ocrx_word' id='word_1_171' title='bbox 552 2469 590 2522; x_wconf 89' lang='lat' dir='ltr'>M.</span> <span class='ocrx_word' id='word_1_172' title='bbox 609 2467 684 2538; x_wconf 77' lang='lat' dir='ltr'>quod</span> <span class='ocrx_word' id='word_1_173' title='bbox 818 2470 851 2524; x_wconf 93' lang='lat' dir='ltr'>F.</span> <span class='ocrx_word' id='word_1_174' title='bbox 870 2469 1018 2525; x_wconf 67' lang='lat' dir='ltr'>dictatura</span> <span class='ocrx_word' id='word_1_175' title='bbox 1185 2477 1187 2481; x_wconf 87' lang='grc'><strong>’</strong></span> 
     </span>
     <span class='ocr_line' id='line_1_22' title="bbox 216 2553 1118 2625; baseline 0 -17"><span class='ocrx_word' id='word_1_176' title='bbox 216 2559 317 2609; x_wconf 80' lang='lat' dir='ltr'>natura</span> <span class='ocrx_word' id='word_1_177' title='bbox 334 2553 479 2618; x_wconf 79' lang='lat' dir='ltr'>ordinavit,</span> <span class='ocrx_word' id='word_1_178' title='bbox 497 2553 530 2607; x_wconf 79' lang='lat' dir='ltr'>dc</span> <span class='ocrx_word' id='word_1_179' title='bbox 542 2554 611 2624; x_wconf 80' lang='lat' dir='ltr'>jure</span> <span class='ocrx_word' id='word_1_180' title='bbox 626 2568 684 2607; x_wconf 81' lang='lat' dir='ltr'>ser·</span> <span class='ocrx_word' id='word_1_181' title='bbox 760 2554 783 2588; x_wconf 78' lang='grc'>22</span> <span class='ocrx_word' id='word_1_182' title='bbox 801 2553 833 2607; x_wconf 87' lang='lat' dir='ltr'><strong>F.</strong></span> <span class='ocrx_word' id='word_1_183' title='bbox 852 2570 919 2608; x_wconf 81' lang='lat' dir='ltr'>suae</span> <span class='ocrx_word' id='word_1_184' title='bbox 936 2556 1118 2625; x_wconf 77' lang='lat' dir='ltr'>perfectionis</span> 
     </span>
     <span class='ocr_line' id='line_1_23' title="bbox 217 2636 1270 2709; baseline 0.002 -17"><span class='ocrx_word' id='word_1_185' title='bbox 217 2639 279 2692; x_wconf 82' lang='lat' dir='ltr'>vari</span> <span class='ocrx_word' id='word_1_186' title='bbox 299 2669 333 2676; x_wconf 92' lang='lat'>—</span> <span class='ocrx_word' id='word_1_187' title='bbox 349 2637 383 2691; x_wconf 88' lang='lat' dir='ltr'><strong>V.</strong></span> <span class='ocrx_word' id='word_1_188' title='bbox 403 2638 477 2707; x_wconf 82' lang='lat' dir='ltr'>quod</span> <span class='ocrx_word' id='word_1_189' title='bbox 498 2637 640 2692; x_wconf 81' lang='lat' dir='ltr'>ordinavit·</span> <span class='ocrx_word' id='word_1_190' title='bbox 652 2636 686 2690; x_wconf 83' lang='lat' dir='ltr'>de</span> <span class='ocrx_word' id='word_1_191' title='bbox 762 2639 786 2672; x_wconf 78' lang='lat'>2⁵</span> <span class='ocrx_word' id='word_1_192' title='bbox 804 2646 830 2693; x_wconf 81' lang='lat' dir='ltr'>ct</span> <span class='ocrx_word' id='word_1_193' title='bbox 846 2641 890 2704; x_wconf 77' lang='lat' dir='ltr'>sit,</span> <span class='ocrx_word' id='word_1_194' title='bbox 908 2640 979 2709; x_wconf 90' lang='lat' dir='ltr'>quod</span> <span class='ocrx_word' id='word_1_195' title='bbox 996 2641 1074 2694; x_wconf 82' lang='lat' dir='ltr'>abest</span> <span class='ocrx_word' id='word_1_196' title='bbox 1097 2655 1114 2692; x_wconf 83' lang='lat' dir='ltr'>e</span> <span class='ocrx_word' id='word_1_197' title='bbox 1131 2639 1270 2694; x_wconf 87' lang='lat' dir='ltr'>codicibus</span> 
     </span>
     <span class='ocr_line' id='line_1_24' title="bbox 211 2722 1270 2795; baseline 0.002 -19"><span class='ocrx_word' id='word_1_198' title='bbox 211 2723 280 2795; x_wconf 82' lang='lat' dir='ltr'>jure</span> <span class='ocrx_word' id='word_1_199' title='bbox 296 2725 409 2778; x_wconf 63' lang='lat' dir='ltr'>sonori.</span> <span class='ocrx_word' id='word_1_200' title='bbox 436 2722 580 2777; x_wconf 87' lang='lat' dir='ltr'>Recentior</span> <span class='ocrx_word' id='word_1_201' title='bbox 594 2727 685 2776; x_wconf 82' lang='lat' dir='ltr'>tamen</span> <span class='ocrx_word' id='word_1_202' title='bbox 804 2729 831 2777; x_wconf 89' lang='lat' dir='ltr'>et</span> <span class='ocrx_word' id='word_1_203' title='bbox 848 2723 935 2791; x_wconf 88' lang='lat' dir='ltr'>editis,</span> <span class='ocrx_word' id='word_1_204' title='bbox 954 2729 984 2778; x_wconf 91' lang='lat' dir='ltr'>ut</span> <span class='ocrx_word' id='word_1_205' title='bbox 1001 2724 1109 2792; x_wconf 81' lang='lat' dir='ltr'>plenem</span> <span class='ocrx_word' id='word_1_206' title='bbox 1127 2729 1155 2778; x_wconf 90' lang='lat' dir='ltr'>ct</span> <span class='ocrx_word' id='word_1_207' title='bbox 1173 2724 1270 2779; x_wconf 89' lang='lat' dir='ltr'>intelli-</span> 
     </span>
     <span class='ocr_line' id='line_1_25' title="bbox 217 2806 1269 2885; baseline 0 -23"><span class='ocrx_word' id='word_1_208' title='bbox 217 2823 312 2862; x_wconf 84' lang='lat' dir='ltr'>menus</span> <span class='ocrx_word' id='word_1_209' title='bbox 337 2809 408 2862; x_wconf 86' lang='lat' dir='ltr'>inter</span> <span class='ocrx_word' id='word_1_210' title='bbox 430 2807 504 2885; x_wconf 79' lang='lat' dir='ltr'>quod</span> <span class='ocrx_word' id='word_1_211' title='bbox 527 2813 554 2862; x_wconf 87' lang='lat' dir='ltr'>et</span> <span class='ocrx_word' id='word_1_212' title='bbox 574 2806 685 2861; x_wconf 73' lang='lat' dir='ltr'>ordina·</span> <span class='ocrx_word' id='word_1_213' title='bbox 802 2808 908 2877; x_wconf 84' lang='lat' dir='ltr'>gibilem</span> <span class='ocrx_word' id='word_1_214' title='bbox 926 2808 1097 2863; x_wconf 86' lang='lat' dir='ltr'>redderemus</span> <span class='ocrx_word' id='word_1_215' title='bbox 1114 2811 1269 2874; x_wconf 85' lang='lat' dir='ltr'>orationem,</span> 
     </span>
     <span class='ocr_line' id='line_1_26' title="bbox 217 2889 1270 2963; baseline -0.003 -15"><span class='ocrx_word' id='word_1_216' title='bbox 217 2895 256 2948; x_wconf 76' lang='lat' dir='ltr'>vit</span> <span class='ocrx_word' id='word_1_217' title='bbox 272 2893 372 2961; x_wconf 81' lang='lat' dir='ltr'>adjecit</span> <span class='ocrx_word' id='word_1_218' title='bbox 389 2892 524 2963; x_wconf 79' lang='lat' dir='ltr'>quidquid</span> <span class='ocrx_word' id='word_1_219' title='bbox 531 2889 684 2946; x_wconf 64' lang='lat' dir='ltr'>naturass-</span> <span class='ocrx_word' id='word_1_220' title='bbox 802 2892 974 2948; x_wconf 86' lang='lat' dir='ltr'>inserendum</span> <span class='ocrx_word' id='word_1_221' title='bbox 992 2909 1051 2948; x_wconf 80' lang='lat' dir='ltr'>esse</span> <span class='ocrx_word' id='word_1_222' title='bbox 1069 2893 1201 2948; x_wconf 86' lang='lat' dir='ltr'>duximus.</span> <span class='ocrx_word' id='word_1_223' title='bbox 1230 2893 1270 2947; x_wconf 85' lang='lat' dir='ltr'>Cf.</span> 
     </span>
     <span class='ocr_line' id='line_1_27' title="bbox 218 2977 1271 3048; baseline 0.001 -17"><span class='ocrx_word' id='word_1_224' title='bbox 218 2978 303 3033; x_wconf 88' lang='lat' dir='ltr'>Ficin.</span> <span class='ocrx_word' id='word_1_225' title='bbox 315 2984 342 3032; x_wconf 92' lang='lat' dir='ltr'>et</span> <span class='ocrx_word' id='word_1_226' title='bbox 354 2977 413 3032; x_wconf 89' lang='lat' dir='ltr'><strong>edd.</strong></span> <span class='ocrx_word' id='word_1_227' title='bbox 425 2977 460 3031; x_wconf 87' lang='lat' dir='ltr'>ad</span> <span class='ocrx_word' id='word_1_228' title='bbox 477 2993 558 3032; x_wconf 82' lang='lat' dir='ltr'>unum</span> <span class='ocrx_word' id='word_1_229' title='bbox 576 2992 683 3031; x_wconf 85' lang='lat' dir='ltr'>omnes:</span> <span class='ocrx_word' id='word_1_230' title='bbox 802 2992 871 3031; x_wconf 84' lang='lat' dir='ltr'><strong>vers.</strong></span> <span class='ocrx_word' id='word_1_231' title='bbox 880 2977 983 3032; x_wconf 86' lang='lat' dir='ltr'>Ficini:</span> <span class='ocrx_word' id='word_1_232' title='bbox 994 2978 1129 3048; x_wconf 73' lang='lat' dir='ltr'>Adeoque</span> <span class='ocrx_word' id='word_1_233' title='bbox 1138 2978 1271 3033; x_wconf 78' lang='lat' dir='ltr'>esz&#39;stendo</span> 
     </span>
     <span class='ocr_line' id='line_1_28' title="bbox 218 3060 1271 3139; baseline 0 -23"><span class='ocrx_word' id='word_1_234' title='bbox 218 3063 292 3134; x_wconf 82' lang='lat' dir='ltr'>quod</span> <span class='ocrx_word' id='word_1_235' title='bbox 308 3063 443 3139; x_wconf 78' lang='lat' dir='ltr'>quidquid</span> <span class='ocrx_word' id='word_1_236' title='bbox 459 3066 559 3117; x_wconf 80' lang='lat' dir='ltr'>natura</span> <span class='ocrx_word' id='word_1_237' title='bbox 577 3061 686 3116; x_wconf 77' lang='lat' dir='ltr'>ordina·</span> <span class='ocrx_word' id='word_1_238' title='bbox 804 3060 826 3114; x_wconf 79' lang='lat' dir='ltr'>il</span> <span class='ocrx_word' id='word_1_239' title='bbox 844 3062 902 3129; x_wconf 78' lang='lat' dir='ltr'>fine</span> <span class='ocrx_word' id='word_1_240' title='bbox 925 3061 998 3117; x_wconf 82' lang='lat' dir='ltr'>della</span> <span class='ocrx_word' id='word_1_241' title='bbox 1023 3065 1137 3136; x_wconf 71' lang='lat' dir='ltr'>ruptone</span> <span class='ocrx_word' id='word_1_242' title='bbox 1160 3079 1271 3127; x_wconf 72' lang='lat' dir='ltr'>umecta,</span> 
     </span>
     <span class='ocr_line' id='line_1_29' title="bbox 217 3146 1271 3219; baseline 0 -17"><span class='ocrx_word' id='word_1_243' title='bbox 217 3150 262 3213; x_wconf 77' lang='lat' dir='ltr'>vit,</span> <span class='ocrx_word' id='word_1_244' title='bbox 281 3147 395 3219; x_wconf 81' lang='lat' dir='ltr'>dejure</span> <span class='ocrx_word' id='word_1_245' title='bbox 415 3149 521 3202; x_wconf 77' lang='lat' dir='ltr'>servari</span> <span class='ocrx_word' id='word_1_246' title='bbox 536 3146 632 3201; x_wconf 84' lang='lat' dir='ltr'>debeat</span> <span class='ocrx_word' id='word_1_247' title='bbox 803 3148 882 3200; x_wconf 74' lang='lat' dir='ltr'>criste</span> <span class='ocrx_word' id='word_1_248' title='bbox 907 3163 945 3201; x_wconf 83' lang='lat' dir='ltr'>tm</span> <span class='ocrx_word' id='word_1_249' title='bbox 970 3153 1044 3202; x_wconf 81' lang='lat' dir='ltr'>certo</span> <span class='ocrx_word' id='word_1_250' title='bbox 1068 3165 1162 3203; x_wconf 83' lang='lat' dir='ltr'>mezzo</span> <span class='ocrx_word' id='word_1_251' title='bbox 1180 3164 1271 3203; x_wconf 81' lang='lat' dir='ltr'>ncces·</span> 
     </span>
    </p>

    <p class='ocr_par' dir='ltr' id='par_1_7' title="bbox 179 3231 1272 3473">
     <span class='ocr_line' id='line_1_30' title="bbox 179 3231 1272 3302; baseline 0.001 -17"><span class='ocrx_word' id='word_1_252' title='bbox 179 3233 201 3266; x_wconf 80' lang='lat'>¹⁷</span> <span class='ocrx_word' id='word_1_253' title='bbox 218 3233 251 3286; x_wconf 91' lang='lat' dir='ltr'><strong>A.</strong></span> <span class='ocrx_word' id='word_1_254' title='bbox 269 3232 302 3285; x_wconf 92' lang='grc' dir='ltr'>Η.</span> <span class='ocrx_word' id='word_1_255' title='bbox 321 3232 354 3286; x_wconf 89' lang='lat' dir='ltr'>L.</span> <span class='ocrx_word' id='word_1_256' title='bbox 371 3233 410 3286; x_wconf 91' lang='lat' dir='ltr'><strong>M.</strong></span> <span class='ocrx_word' id='word_1_257' title='bbox 429 3232 459 3285; x_wconf 94' lang='lat' dir='ltr'><strong>P.</strong></span> <span class='ocrx_word' id='word_1_258' title='bbox 484 3263 517 3272; x_wconf 95' lang='lat'>—</span> <span class='ocrx_word' id='word_1_259' title='bbox 541 3231 573 3286; x_wconf 93' lang='lat' dir='ltr'><strong>V.</strong></span> <span class='ocrx_word' id='word_1_260' title='bbox 598 3236 625 3286; x_wconf 81' lang='lat' dir='ltr'>et</span> <span class='ocrx_word' id='word_1_261' title='bbox 646 3233 686 3286; x_wconf 80' lang='lat' dir='ltr'>stc</span> <span class='ocrx_word' id='word_1_262' title='bbox 804 3234 878 3287; x_wconf 82' lang='lat' dir='ltr'>sario</span> <span class='ocrx_word' id='word_1_263' title='bbox 902 3234 931 3288; x_wconf 82' lang='lat' dir='ltr'>al</span> <span class='ocrx_word' id='word_1_264' title='bbox 949 3235 1006 3302; x_wconf 81' lang='lat' dir='ltr'>fine</span> <span class='ocrx_word' id='word_1_265' title='bbox 1027 3233 1179 3289; x_wconf 78' lang='lat' dir='ltr'>universale</span> <span class='ocrx_word' id='word_1_266' title='bbox 1200 3233 1272 3289; x_wconf 79' lang='lat' dir='ltr'>della</span> 
     </span>
     <span class='ocr_line' id='line_1_31' title="bbox 218 3317 1270 3387; baseline -0.001 -14"><span class='ocrx_word' id='word_1_267' title='bbox 218 3318 284 3373; x_wconf 84' lang='lat' dir='ltr'><strong>decl.</strong></span> <span class='ocrx_word' id='word_1_268' title='bbox 304 3349 337 3356; x_wconf 96' lang='lat'><em>-</em></span> <span class='ocrx_word' id='word_1_269' title='bbox 359 3318 391 3371; x_wconf 88' lang='lat' dir='ltr'>F.</span> <span class='ocrx_word' id='word_1_270' title='bbox 410 3323 437 3372; x_wconf 87' lang='lat' dir='ltr'>et</span> <span class='ocrx_word' id='word_1_271' title='bbox 455 3317 530 3372; x_wconf 89' lang='lat' dir='ltr'>editt.</span> <span class='ocrx_word' id='word_1_272' title='bbox 556 3317 631 3387; x_wconf 84' lang='lat' dir='ltr'>quod</span> <span class='ocrx_word' id='word_1_273' title='bbox 646 3317 686 3372; x_wconf 77' lang='lat' dir='ltr'>stc</span> <span class='ocrx_word' id='word_1_274' title='bbox 804 3323 920 3381; x_wconf 80' lang='lat' dir='ltr'>cutura,</span> <span class='ocrx_word' id='word_1_275' title='bbox 939 3334 954 3372; x_wconf 89' lang='lat' dir='ltr'>e</span> <span class='ocrx_word' id='word_1_276' title='bbox 971 3319 1069 3387; x_wconf 78' lang='lat' dir='ltr'>quincii</span> <span class='ocrx_word' id='word_1_277' title='bbox 1085 3320 1098 3373; x_wconf 76' lang='grc' dir='ltr'><strong><em>ὲ</em></strong></span> <span class='ocrx_word' id='word_1_278' title='bbox 1116 3319 1270 3373; x_wconf 79' lang='lat' dir='ltr'>necessario</span> 
     </span>
     <span class='ocr_line' id='line_1_32' title="bbox 218 3401 1270 3473; baseline -0.003 -16"><span class='ocrx_word' id='word_1_279' title='bbox 218 3402 284 3458; x_wconf 83' lang='lat' dir='ltr'><strong>dect.</strong></span> <span class='ocrx_word' id='word_1_280' title='bbox 804 3402 854 3459; x_wconf 79' lang='lat' dir='ltr'>che</span> <span class='ocrx_word' id='word_1_281' title='bbox 871 3402 898 3457; x_wconf 87' lang='lat' dir='ltr'>ta</span> <span class='ocrx_word' id='word_1_282' title='bbox 909 3409 1009 3458; x_wconf 80' lang='lat' dir='ltr'>natura</span> <span class='ocrx_word' id='word_1_283' title='bbox 1017 3421 1035 3457; x_wconf 84' lang='lat' dir='ltr'><em>a</em></span> <span class='ocrx_word' id='word_1_284' title='bbox 1044 3409 1139 3473; x_wconf 81' lang='lat' dir='ltr'>questo</span> <span class='ocrx_word' id='word_1_285' title='bbox 1152 3401 1270 3465; x_wconf 72' lang='lat' dir='ltr'>attendo.</span> 
     </span>
    </p>

    <p class='ocr_par' dir='ltr' id='par_1_8' title="bbox 179 3486 1228 3543">
     <span class='ocr_line' id='line_1_33' title="bbox 179 3486 1228 3543; baseline -0.001 -2"><span class='ocrx_word' id='word_1_286' title='bbox 179 3487 201 3520; x_wconf 84' lang='lat'>²⁸</span> <span class='ocrx_word' id='word_1_287' title='bbox 217 3486 250 3541; x_wconf 88' lang='lat' dir='ltr'><strong>F.</strong></span> <span class='ocrx_word' id='word_1_288' title='bbox 268 3488 357 3543; x_wconf 77' lang='lat' dir='ltr'>media</span> <span class='ocrx_word' id='word_1_289' title='bbox 373 3492 463 3543; x_wconf 82' lang='lat' dir='ltr'>autem</span> <span class='ocrx_word' id='word_1_290' title='bbox 762 3489 786 3522; x_wconf 78' lang='lat'>2⁶</span> <span class='ocrx_word' id='word_1_291' title='bbox 802 3489 834 3543; x_wconf 88' lang='lat' dir='ltr'>F.</span> <span class='ocrx_word' id='word_1_292' title='bbox 855 3488 885 3542; x_wconf 91' lang='lat' dir='ltr'>P.</span> <span class='ocrx_word' id='word_1_293' title='bbox 905 3494 1021 3542; x_wconf 76' lang='lat' dir='ltr'>catturae</span> <span class='ocrx_word' id='word_1_294' title='bbox 1037 3488 1104 3542; x_wconf 81' lang='lat' dir='ltr'>velle</span> <span class='ocrx_word' id='word_1_295' title='bbox 1121 3502 1228 3542; x_wconf 77' lang='lat' dir='ltr'>necesse</span> 
     </span>
    </p>

    <p class='ocr_par' dir='ltr' id='par_1_9' title="bbox 179 3571 1270 3644">
     <span class='ocr_line' id='line_1_34' title="bbox 179 3571 1270 3644; baseline -0.003 -18"><span class='ocrx_word' id='word_1_296' title='bbox 179 3573 201 3606; x_wconf 78' lang='lat'>¹⁹</span> <span class='ocrx_word' id='word_1_297' title='bbox 217 3572 250 3626; x_wconf 95' lang='lat' dir='ltr'>L.</span> <span class='ocrx_word' id='word_1_298' title='bbox 269 3573 307 3628; x_wconf 83' lang='lat' dir='ltr'>ad</span> <span class='ocrx_word' id='word_1_299' title='bbox 321 3575 442 3644; x_wconf 83' lang='lat' dir='ltr'>formam</span> <span class='ocrx_word' id='word_1_300' title='bbox 460 3573 606 3643; x_wconf 70' lang='lat' dir='ltr'>attinperet</span> <span class='ocrx_word' id='word_1_301' title='bbox 762 3573 786 3605; x_wconf 78' lang='lat'>2⁷</span> <span class='ocrx_word' id='word_1_302' title='bbox 805 3573 837 3626; x_wconf 86' lang='lat' dir='ltr'>F.</span> <span class='ocrx_word' id='word_1_303' title='bbox 855 3572 885 3625; x_wconf 94' lang='lat' dir='ltr'>P.</span> <span class='ocrx_word' id='word_1_304' title='bbox 911 3579 1038 3627; x_wconf 79' lang='lat' dir='ltr'>caturam</span> <span class='ocrx_word' id='word_1_305' title='bbox 1062 3574 1149 3643; x_wconf 77' lang='lat' dir='ltr'>ipsam</span> <span class='ocrx_word' id='word_1_306' title='bbox 1178 3602 1212 3608; x_wconf 93' lang='lat'>—</span> <span class='ocrx_word' id='word_1_307' title='bbox 1237 3571 1270 3623; x_wconf 91' lang='lat' dir='ltr'>A.</span> 
     </span>
    </p>

    <p class='ocr_par' dir='ltr' id='par_1_10' title="bbox 802 3658 1034 3728">
     <span class='ocr_line' id='line_1_35' title="bbox 802 3658 1034 3728; baseline 0 -18"><span class='ocrx_word' id='word_1_308' title='bbox 802 3658 890 3728; x_wconf 66' lang='lat' dir='ltr'>pisam</span> <span class='ocrx_word' id='word_1_309' title='bbox 907 3663 1034 3712; x_wconf 68' lang='lat' dir='ltr'>eruturum</span> 
     </span>
    </p>
   </div>
   <div class='ocr_carea' id='block_1_4' title="bbox 149 3823 1271 4292">
    <p class='ocr_par' dir='ltr' id='par_1_11' title="bbox 149 3823 1271 4292">
     <span class='ocr_line' id='line_1_36' title="bbox 218 3823 1167 3897; baseline -0.004 -14"><span class='ocrx_word' id='word_1_310' title='bbox 218 3825 291 3897; x_wconf 77' lang='lat' dir='ltr'><strong>dap.</strong></span> <span class='ocrx_word' id='word_1_311' title='bbox 309 3825 378 3882; x_wconf 73' lang='lat' dir='ltr'><strong>vll.</strong></span> <span class='ocrx_word' id='word_1_312' title='bbox 414 3827 438 3860; x_wconf 75' lang='grc'>22</span> <span class='ocrx_word' id='word_1_313' title='bbox 456 3825 508 3892; x_wconf 82' lang='lat' dir='ltr'>„nd</span> <span class='ocrx_word' id='word_1_314' title='bbox 525 3825 673 3892; x_wconf 89' lang='lat' dir='ltr'>ultimum,“</span> <span class='ocrx_word' id='word_1_315' title='bbox 691 3829 758 3893; x_wconf 81' lang='lat' dir='ltr'>putu</span> <span class='ocrx_word' id='word_1_316' title='bbox 775 3823 863 3887; x_wconf 80' lang='lat' dir='ltr'>finem,</span> <span class='ocrx_word' id='word_1_317' title='bbox 882 3841 967 3892; x_wconf 81' lang='lat' dir='ltr'>,‚suee</span> <span class='ocrx_word' id='word_1_318' title='bbox 983 3824 1167 3880; x_wconf 86' lang='lat' dir='ltr'>intentionis.“</span> 
     </span>
     <span class='ocr_line' id='line_1_37' title="bbox 149 3892 1269 3964; baseline 0 -16"><span class='ocrx_word' id='word_1_319' title='bbox 149 3895 175 3928; x_wconf 79' lang='lat'>²⁷</span> <span class='ocrx_word' id='word_1_320' title='bbox 209 3894 332 3964; x_wconf 89' lang='lat' dir='ltr'>‚ipsum‚“</span> <span class='ocrx_word' id='word_1_321' title='bbox 355 3894 471 3949; x_wconf 89' lang='lat' dir='ltr'>medium</span> <span class='ocrx_word' id='word_1_322' title='bbox 495 3893 606 3948; x_wconf 84' lang='lat' dir='ltr'>scilicet.</span> <span class='ocrx_word' id='word_1_323' title='bbox 711 3893 936 3948; x_wconf 77' lang='lat' dir='ltr'>²⁹An1snornn1s</span> <span class='ocrx_word' id='word_1_324' title='bbox 954 3893 1071 3964; x_wconf 84' lang='lat' dir='ltr'>Physica</span> <span class='ocrx_word' id='word_1_325' title='bbox 1097 3892 1140 3957; x_wconf 83' lang='lat' dir='ltr'>(dc</span> <span class='ocrx_word' id='word_1_326' title='bbox 1157 3893 1269 3962; x_wconf 88' lang='lat' dir='ltr'>physico</span> 
     </span>
     <span class='ocr_line' id='line_1_38' title="bbox 150 3936 1271 4031; baseline 0 -15"><span class='ocrx_word' id='word_1_327' title='bbox 150 3936 256 4028; x_wconf 78' lang='lat' dir='ltr'>auditu)</span> <span class='ocrx_word' id='word_1_328' title='bbox 268 3965 304 4016; x_wconf 95' lang='grc' dir='ltr'>Π.</span> <span class='ocrx_word' id='word_1_329' title='bbox 317 3969 340 4016; x_wconf 86' lang='lat'>1.</span> <span class='ocrx_word' id='word_1_330' title='bbox 359 3967 435 4029; x_wconf 85' lang='lat' dir='ltr'><strong>(vers.</strong></span> <span class='ocrx_word' id='word_1_331' title='bbox 455 3968 533 4028; x_wconf 58' lang='lat' dir='ltr'>enti:</span> <span class='ocrx_word' id='word_1_332' title='bbox 554 3963 621 4028; x_wconf 82' lang='lat' dir='ltr'>„Est</span> <span class='ocrx_word' id='word_1_333' title='bbox 637 3961 719 4030; x_wconf 84' lang='lat' dir='ltr'>igitur</span> <span class='ocrx_word' id='word_1_334' title='bbox 736 3966 834 4015; x_wconf 79' lang='lat' dir='ltr'>nutura</span> <span class='ocrx_word' id='word_1_335' title='bbox 849 3962 1010 4031; x_wconf 90' lang='lat' dir='ltr'>principium</span> <span class='ocrx_word' id='word_1_336' title='bbox 1023 3961 1137 4031; x_wconf 82' lang='lat' dir='ltr'>alicujus</span> <span class='ocrx_word' id='word_1_337' title='bbox 1150 3967 1177 4015; x_wconf 89' lang='lat' dir='ltr'>et</span> <span class='ocrx_word' id='word_1_338' title='bbox 1187 3977 1271 4016; x_wconf 81' lang='lat' dir='ltr'>causa</span> 
     </span>
     <span class='ocr_line' id='line_1_39' title="bbox 150 4029 1270 4099; baseline -0.001 -14"><span class='ocrx_word' id='word_1_339' title='bbox 150 4031 274 4086; x_wconf 87' lang='lat' dir='ltr'>movendi</span> <span class='ocrx_word' id='word_1_340' title='bbox 292 4039 318 4086; x_wconf 91' lang='lat' dir='ltr'>et</span> <span class='ocrx_word' id='word_1_341' title='bbox 336 4031 499 4099; x_wconf 86' lang='lat' dir='ltr'>quiescendi,</span> <span class='ocrx_word' id='word_1_342' title='bbox 517 4030 547 4083; x_wconf 86' lang='lat' dir='ltr'>in</span> <span class='ocrx_word' id='word_1_343' title='bbox 564 4046 617 4099; x_wconf 91' lang='lat' dir='ltr'>quo</span> <span class='ocrx_word' id='word_1_344' title='bbox 634 4034 676 4084; x_wconf 90' lang='lat' dir='ltr'>est</span> <span class='ocrx_word' id='word_1_345' title='bbox 686 4029 801 4098; x_wconf 90' lang='lat' dir='ltr'>primum</span> <span class='ocrx_word' id='word_1_346' title='bbox 818 4045 869 4098; x_wconf 88' lang='lat' dir='ltr'>per</span> <span class='ocrx_word' id='word_1_347' title='bbox 886 4046 922 4096; x_wconf 89' lang='lat' dir='ltr'>se,</span> <span class='ocrx_word' id='word_1_348' title='bbox 941 4036 968 4083; x_wconf 90' lang='lat' dir='ltr'>et</span> <span class='ocrx_word' id='word_1_349' title='bbox 985 4045 1040 4084; x_wconf 92' lang='lat' dir='ltr'>non</span> <span class='ocrx_word' id='word_1_350' title='bbox 1058 4029 1207 4084; x_wconf 87' lang='lat' dir='ltr'>secundum</span> <span class='ocrx_word' id='word_1_351' title='bbox 1224 4045 1270 4084; x_wconf 79' lang='lat' dir='ltr'>ec-</span> 
     </span>
     <span class='ocr_line' id='line_1_40' title="bbox 151 4096 1270 4168; baseline 0 -16"><span class='ocrx_word' id='word_1_352' title='bbox 151 4098 272 4154; x_wconf 87' lang='lat' dir='ltr'>cidens.“</span> <span class='ocrx_word' id='word_1_353' title='bbox 313 4100 355 4153; x_wconf 90' lang='lat' dir='ltr'>Ibi</span> <span class='ocrx_word' id='word_1_354' title='bbox 380 4115 438 4168; x_wconf 82' lang='lat' dir='ltr'><strong>cap.</strong></span> <span class='ocrx_word' id='word_1_355' title='bbox 459 4104 486 4153; x_wconf 83' lang='lat'>2:</span> <span class='ocrx_word' id='word_1_356' title='bbox 512 4098 627 4165; x_wconf 82' lang='lat' dir='ltr'>„Adhuc</span> <span class='ocrx_word' id='word_1_357' title='bbox 650 4097 722 4166; x_wconf 91' lang='lat' dir='ltr'>quod</span> <span class='ocrx_word' id='word_1_358' title='bbox 746 4098 825 4167; x_wconf 87' lang='lat' dir='ltr'>cujus</span> <span class='ocrx_word' id='word_1_359' title='bbox 849 4113 932 4151; x_wconf 82' lang='lat' dir='ltr'>causa</span> <span class='ocrx_word' id='word_1_360' title='bbox 949 4096 983 4151; x_wconf 92' lang='lat' dir='ltr'>fit</span> <span class='ocrx_word' id='word_1_361' title='bbox 1000 4104 1026 4152; x_wconf 88' lang='lat' dir='ltr'>et</span> <span class='ocrx_word' id='word_1_362' title='bbox 1042 4096 1123 4150; x_wconf 89' lang='lat' dir='ltr'>finem</span> <span class='ocrx_word' id='word_1_363' title='bbox 1141 4098 1270 4167; x_wconf 83' lang='lat' dir='ltr'>ejusdem,</span> 
     </span>
     <span class='ocr_line' id='line_1_41' title="bbox 152 4164 1270 4290; baseline 0.001 -70"><span class='ocrx_word' id='word_1_364' title='bbox 152 4172 179 4221; x_wconf 90' lang='lat' dir='ltr'>et</span> <span class='ocrx_word' id='word_1_365' title='bbox 205 4183 381 4290; x_wconf 71' lang='lat' dir='ltr'>qucfiecunquc</span> <span class='ocrx_word' id='word_1_366' title='bbox 405 4174 468 4222; x_wconf 86' lang='lat' dir='ltr'>sunt</span> <span class='ocrx_word' id='word_1_367' title='bbox 506 4171 618 4236; x_wconf 89' lang='lat' dir='ltr'>propter</span> <span class='ocrx_word' id='word_1_368' title='bbox 640 4167 700 4221; x_wconf 90' lang='lat' dir='ltr'><strong>hoc.</strong></span> <span class='ocrx_word' id='word_1_369' title='bbox 736 4165 843 4221; x_wconf 80' lang='lat' dir='ltr'>Natura</span> <span class='ocrx_word' id='word_1_370' title='bbox 861 4169 952 4220; x_wconf 83' lang='lat' dir='ltr'>cutem</span> <span class='ocrx_word' id='word_1_371' title='bbox 976 4164 1038 4220; x_wconf 90' lang='lat' dir='ltr'>finis</span> <span class='ocrx_word' id='word_1_372' title='bbox 1064 4171 1119 4231; x_wconf 86' lang='lat' dir='ltr'>est,</span> <span class='ocrx_word' id='word_1_373' title='bbox 1144 4170 1171 4221; x_wconf 91' lang='lat' dir='ltr'>et</span> <span class='ocrx_word' id='word_1_374' title='bbox 1193 4167 1270 4237; x_wconf 86' lang='lat' dir='ltr'>cujus</span> 
     </span>
     <span class='ocr_line' id='line_1_42' title="bbox 149 4242 299 4292; baseline -0.013 0"><span class='ocrx_word' id='word_1_375' title='bbox 149 4252 234 4292; x_wconf 79' lang='lat' dir='ltr'>ceusu</span> <span class='ocrx_word' id='word_1_376' title='bbox 271 4242 299 4290; x_wconf 90' lang='lat' dir='ltr'><strong>t.‘</strong></span> 
     </span>
    </p>
   </div>
   <div class='ocr_carea' id='block_1_5' title="bbox 0 0 1486 4808">
    <p class='ocr_par' dir='ltr' id='par_1_12' title="bbox 0 0 1486 4808">
     <span class='ocr_line' id='line_1_43' title="bbox 0 0 1486 4808; baseline 0 0"><span class='ocrx_word' id='word_1_377' title='bbox 0 0 1486 4808; x_wconf 95' lang='lat' dir='ltr'> </span> 
     </span>
    </p>
   </div>
  </div>
 </body>
</html>
