2940 4808
564 317 849 376 Puonnuouuun.
1175 320 1276 376 XLVII

151 495 329 584 conclusio,
354 494 451 566 etiam
484 505 634 589 quartum
663 495 798 566 convivii
831 503 1014 585 tractatum,
1039 488 1131 587 cujus
1158 496 1271 590 capita,

151 625 213 693 iam
241 646 339 718 supra
366 622 491 694 laudata
515 624 554 694 dc
581 623 695 694 iisdem
721 622 964 717 quaestionibus
991 622 1272 718 disceptantante

151 749 390 841 annum1302
419 753 637 845 compositum
666 750 847 841 esse,furct
864 747 1051 819 dicendum.
1095 748 1179 820 Sunt
1205 751 1275 845 qui·

152 877 225 949 dem
254 877 308 973 qui
337 877 424 947 bunc
451 887 620 947 tractatum
647 876 686 946 ad
704 898 827 947 aunum
848 874 944 946 1298
963 875 1173 949 referendum
1201 901 1272 950 csse

152 1016 276 1100 putent,
302 1005 357 1075 sert
387 1004 469 1075 hanc
496 1003 683 1099 opinionem
712 1003 833 1074 erroris
857 1002 1050 1097 jamdudum
1076 1028 1093 1074 a
1122 1027 1174 1074 mc
1201 1028 1272 1076 csse

152 1133 331 1202 convictam
359 1130 509 1201 arbitror.
522 1131 568 1220 4⁷)
622 1129 686 1201 Sed
714 1129 798 1200 salva
825 1154 878 1201 res
904 1142 969 1202 est:
997 1131 1098 1227 capita
1128 1129 1271 1202 Conririi

153 1260 194 1332 de
221 1259 338 1354 quibus
364 1257 515 1347 diximus,
533 1258 731 1327 conveniunt
757 1255 888 1352 quidem
912 1280 986 1328 cum
1015 1257 1099 1329 iibru
1126 1258 1269 1329 secundo
1291 1327 1320 1337 ,,

154 1384 376 1468 biouarchiae,
405 1383 461 1454 sed
490 1408 531 1454 ne
557 1384 721 1476 attingunt
747 1384 878 1478 quidem
908 1399 1100 1480 argumenta
1128 1385 1159 1454 in
1188 1385 1271 1456 libro

154 1512 259 1615 primo
293 1520 326 1581 et
351 1511 446 1581 tertio
473 1511 627 1606 exposita.
681 1510 796 1583 Nullus
830 1510 995 1605 igiturin
1025 1510 1178 1584 Connrio
1205 1523 1274 1584 crat

154 1638 242 1710 tocus
276 1636 563 1733 disceptationibus
598 1660 671 1708 cunr
706 1638 897 1709 adversariis
932 1640 1190 1735 quibuscumque
1225 1641 1274 1711 in·

154 1765 336 1836 stituendis

255 1891 376 1963 Eadem
412 1892 479 1964 iere
518 1891 653 1962 dicenda
687 1901 764 1962 sunt
797 1892 837 1962 de
871 1891 949 1982 alio,
983 1893 1068 1988 quod
1104 1893 1190 1964 idem
1215 1894 1275 1964 uir

153 2020 269 2092 doctus
297 2019 390 2091 nobis
417 2018 549 2114 opponit
576 2028 791 2112 argumento:
823 2042 923 2114 quum
951 2018 1073 2089 Dantes
1101 2020 1132 2089 iu
1161 2031 1274 2116 quarto

152 2145 298 2219 Convivii
317 2156 452 2217 tractatu
468 2146 606 2216 lectores
624 2145 664 2216 ad
684 2146 831 2216 tutiorem
848 2146 1024 2217 earundem
1045 2148 1271 2241 quaestionum

151 2273 390 2370 expositionem
409 2274 442 2343 in
459 2272 644 2344 Mounichia
673 2296 738 2342 nou
755 2271 891 2366 ableget,
908 2274 1162 2369 supponendum
1191 2298 1272 2365 csse,

152 2413 301 2498 tempore
334 2425 398 2496 quo
425 2399 614 2472 Conuiuium
642 2399 850 2489 scribebatur,
876 2399 1097 2471 Monarchiam
1126 2401 1272 2472 nondum

152 2530 308 2602 extitisse.
360 2527 396 2598 ln
423 2526 576 2598 Convivia
603 2527 634 2598 id
663 2527 768 2598 scium
797 2527 911 2620 agebat
936 2527 1067 2617 Dantes,
1096 2539 1130 2598 ut
1156 2528 1274 2600 exami-

153 2668 254 2747 naret,
270 2679 427 2752 quaenam
445 2655 619 2725 auctoritas
635 2654 817 2724 defirritioni
832 2654 1006 2725 nobilitatis
1023 2653 1061 2724 ab
1073 2655 1271 2753 imperatore

152 2785 243 2856 datae
278 2783 448 2854 tribuenda
485 2783 536 2852 sit.
596 2780 645 2850 nd
683 2781 765 2851 hanc
801 2805 876 2851 vero
904 2784 1126 2878 quaestionem
1156 2783 1272 2877 dijudi-¹

153 2913 289 2984 caudam
319 2911 453 2980 omniuo
482 2908 561 2979 nibil
589 2908 665 2978 iacit
690 2910 909 2980 controversia
944 2910 983 2979 de
1018 2911 1272 3006 praeeminentia

155 3038 258 3135 Papae
293 3037 340 3108 vel
366 3037 592 3132 Imperatoris,
626 3036 657 3104 in
686 3033 870 3105 Monarcbia
907 3045 1048 3108 tractata.
1103 3037 1273 3135 Superilua

155 3145 254 3260 igitur
281 3166 394 3236 suisset
421 3161 515 3255 hujus
542 3162 649 3257 operis
675 3161 834 3256 allegatio.

135 3347 137 3351 .
172 3289 173 3292 '
257 3291 423 3362 Praeterea
459 3300 493 3360 ut
520 3300 662 3360 nostram
698 3290 822 3361 resolbat
853 3291 1045 3362 seutentiam
1074 3270 1122 3362 vii·
1148 3293 1272 3364 clariss.

155 3413 191 3491 ari
228 3421 311 3491 duos
345 3417 550 3488 Monarchiae
591 3427 744 3512 provocat
779 3417 884 3508 locos,
919 3419 952 3488 in
993 3443 1131 3515 quorum
1171 3420 1273 3492 attero

156 3548 286 3618 exilium
315 3545 466 3635 auctoris,
493 3545 592 3614 altero
620 3557 727 3616 autem
754 3556 901 3641 tempora
928 3545 1059 3617 Henrici
1082 3546 1146 3616 Vll.
1174 3549 1272 3618 annui

156 3683 256 3768 putat.
297 3669 397 3764 Cujus
425 3672 511 3742 enim
541 3693 610 3767 cap¹
630 3673 664 3742 4.
691 3672 764 3742 iibri
783 3670 826 3742 ΙΙΙ
852 3672 1051 3765 adversarios
1078 3670 1145 3772 (qui
1173 3674 1271 3763 „dum

157 3826 192 3872 cx
218 3811 309 3898 patre
324 3797 458 3869 Diabnio
487 3809 574 3889 sunt,
590 3796 754 3868 Ecclesiae
782 3823 816 3868 se
843 3799 926 3870 iiiios
954 3825 1024 3872 esse
1051 3800 1194 3893 dicaam)
1223 3825 1274 3872 ac·

155 3938 256 4015 cusat,
282 3928 456 4014 iratres,
482 3924 605 3995 scilicet
631 3925 862 4019 expellere,
889 3925 950 3996 hoc
969 3928 1007 3998 de
1025 3928 1158 4022 propriu
1178 3929 1272 4000 exilio

162 4112 361 4127 ψ-

192 4204 195 4215 ’
240 4208 270 4278 ⁴5)
284 4205 401 4265 'Danta's
418 4208 548 4280 Lyriacbe
567 4209 707 4263 Gedicbtc.
743 4207 793 4261 Ed.
812 4205 932 4260 secundo
950 4223 977 4274 p.
996 4212 1103 4265 59-63.
