2940 4808
386 331 520 386 DANTIS
538 330 757 386 MONARGHIA
774 331 822 384 lll.
842 332 872 387 (l.
891 336 914 384 5.
935 336 958 386 6.
1177 329 1234 390 105

26 565 33 572 ,
115 525 211 589 quam
240 503 289 568 sui
311 502 596 588 Archipresbyteri.
646 502 688 566 Et
716 503 762 568 sic
790 502 942 568 instantia
977 501 1101 569 videtur
1130 523 1235 569 errare

115 605 288 673 secundum
309 626 374 672 non
395 624 524 670 causam
546 610 581 669 ut
603 623 708 670 causa.
1252 608 1285 660 25

576 823 699 911 [curun
720 829 776 903 vs]

200 981 250 1045 De
273 980 367 1044 litera
382 999 457 1045 vero
479 978 574 1061 primi
596 978 670 1043 libri
684 979 833 1059 Regum
851 976 1021 1042 adsumunt
1037 978 1133 1042 etiam
1150 998 1234 1044 crea

114 1084 234 1149 tionem
256 1086 289 1147 et
311 1079 543 1163 depositionem
567 1079 717 1146 Saulis:
750 1082 782 1142 et
805 1076 928 1161 dicunt,
953 1078 1038 1159 quod
1063 1077 1155 1162 Saul,
1179 1100 1236 1145 rex

115 1183 358 1264 inthronizatus
381 1181 441 1246 iuit
464 1181 627 1265 depositus
643 1201 706 1264 ‘per
730 1177 972 1263 Samuelem,
1004 1182 1058 1261 qui
1080 1181 1150 1246 vioe
1171 1180 1234 1245 Dei

116 1285 157 1352 de
178 1287 349 1371 praecepto
372 1281 577 1366 fungebatur3
600 1287 635 1346 ut
657 1281 690 1344 in
711 1280 805 1346 litera
825 1286 921 1365 patet.
966 1282 1008 1346 Et
1037 1303 1078 1348 ex
1105 1282 1165 1348 hoc
1187 1302 1235 1346 ar-

114 1390 228 1470 guunt,
261 1383 346 1467 quod
376 1382 643 1464 quemadmodum
672 1383 728 1448 ille
757 1383 819 1448 Dei
847 1382 984 1448 vicarius
1014 1383 1268 1450 auctoritatems

115 1487 228 1552 habuit
259 1486 356 1551 dandi
390 1492 422 1551 et
449 1485 584 1552 tollendi
616 1485 759 1566 regimen
791 1485 982 1569 temporale,
1013 1491 1044 1552 et
1074 1486 1108 1550 in
1138 1486 1237 1551 alium

114 1587 339 1654 transferendi:
362 1588 408 1652 sic
430 1592 462 1653 et
484 1608 567 1652 nunc
588 1587 650 1653 Dei
672 1586 825 1669 vicarius,
858 1586 1023 1652 Ecclesiae
1049 1588 1238 1655 universalis

116 1689 258 1771 antistes,
282 1689 503 1753 auctoritatem
518 1689 616 1755 habet
639 1688 736 1753 dandi
752 1694 784 1755 et
805 1686 950 1769 tollendi,
974 1693 1006 1752 et
1021 1689 1119 1753 ctiam
1136 1694 1235 1755 trans-

114 1790 239 1856 ferendi
261 1795 419 1874 sceptrum
442 1790 604 1870 regiminis
632 1790 826 1874 temporalis.
870 1789 920 1853 Ex
950 1809 1012 1870 quo
1042 1790 1110 1858 sine
1139 1790 1235 1858 dubio

116 1895 316 1973 sequeretur,
348 1890 434 1972 quod
461 1891 633 1956 auctoritas
661 1891 791 1973 Imperii
820 1889 1030 1974 dependeret,
1060 1898 1094 1956 ut
1117 1892 1233 1958 dicunt.
1256 1905 1285 1954 ro

200 1992 242 2056 Et
269 1991 312 2056 ad
340 1992 401 2058 hoc
429 1991 613 2074 dicendum,
646 2012 704 2076 per
736 1991 1013 2075 interemptionem
1048 1992 1117 2076 ejus
1151 1994 1236 2075 quod

116 2094 225 2159 dicunt
255 2092 437 2159 Samuelem
459 2094 521 2158 Dei
549 2092 718 2176 vicarium,
749 2092 825 2175 quia
853 2113 917 2158 non
938 2098 972 2157 ut
995 2093 1148 2177 vicarius,
1178 2094 1236 2160 sed

115 2201 151 2262 ut
171 2196 297 2276 legatus
320 2195 467 2279 specialis
490 2194 624 2278 adhoc,
648 2196 716 2260 sive
734 2195 876 2277 nuncius,
898 2199 1028 2279 portans
1051 2195 1236 2262 mandatum

143 2413 595 2468 enneacaedecaetiris
619 2443 653 2453 -
772 2411 935 2485 dependeret
971 2445 999 2452 --
1036 2414 1161 2469 Ficinus:
1189 2415 1238 2470 ede

183 2497 218 2551 H.
237 2515 292 2552 non
311 2515 394 2554 censa
412 2505 442 2552 nt
459 2515 543 2553 consa
771 2497 847 2553 dalle
863 2496 1127 2569 entesanpenaesse
1144 2499 1238 2554 dento-

115 2582 182 2652 Oap.
199 2583 245 2637 Vl.
285 2586 293 2618 ¹
312 2585 345 2638 H.
364 2584 406 2639 De
424 2584 503 2639 litere
516 2585 605 2654 primi
772 2585 826 2637 ritd
844 2582 915 2636 detto
933 2581 1066 2653 Imperio,
1092 2598 1184 2649 quem,
1210 2584 1239 2638 ni

159 2671 171 2702 ²
188 2669 219 2722 P.
238 2671 318 2724 etiam
337 2674 486 2724 creatorem
771 2668 859 2731 fallor,
878 2672 1017 2734 sequutus,
1044 2666 1164 2733 Turrino,
1182 2685 1238 2723 om-

160 2752 257 2806 3Εᾱᾱ.
276 2753 477 2809 inthronizatus
493 2754 558 2824 fnit,
577 2758 603 2806 ct
620 2753 653 2808 de
772 2752 847 2804 nium
872 2767 943 2806 unus
970 2755 1040 2806 anet.
1065 2750 1181 2822 Imperii
1205 2755 1238 2809 ab

184 2837 284 2893 edrone
301 2839 446 2909 depositus.
473 2837 561 2892 Voces
579 2843 605 2890 et
620 2837 653 2891 de
773 2835 898 2891 Ecclesia
915 2835 1085 2907 dependeret.

185 2922 283 2979 tdrono
301 2938 351 2977 nec
368 2923 479 2977 Ficinus
497 2922 601 2977 habuit.
734 2922 754 2953 ¹¹
772 2921 804 2975 V.
824 2920 867 2974 Ad
884 2919 935 2974 doe
952 2920 1095 2975 dicendum

160 3009 171 3042 ¹
188 3008 220 3061 F.
238 3024 352 3079 repnnrn
370 3007 519 3078 temporale
789 3005 826 3058 M.
844 3003 987 3059 dicendum
1005 3007 1085 3059 etiam
1107 3009 1182 3076 qnod
1199 3011 1239 3063 in-

160 3095 170 3126 ⁷
188 3093 221 3149 L.
232 3090 563 3148 Ecclesieednntitis—P.
578 3089 652 3146 Eeei.
773 3091 991 3160 terpretotionem
1010 3091 1071 3160 ejus
1088 3121 1122 3128 -
1137 3093 1169 3146 A.
1187 3093 1238 3149 die.

185 3177 273 3237 nilne,
314 3175 523 3231 abbreviationis
568 3173 652 3242 signis
767 3190 823 3244 per
840 3175 1065 3245 interruptionem
1084 3177 1153 3247 ejus.

185 3261 328 3329 utrique-n
346 3258 530 3328 superpositis.
733 3260 754 3291 ¹¹
771 3259 804 3312 A.
823 3258 854 3311 L.
873 3258 910 3311 M.
928 3259 959 3312 P.
984 3265 1015 3312 nt
1036 3260 1143 3331 leuatus
1158 3263 1238 3333 spiri·

162 3346 173 3379 ⁸
190 3351 215 3400 et
235 3345 346 3400 tollendi
361 3360 415 3398 non
425 3344 560 3398 habentur
577 3344 604 3398 in
618 3343 651 3398 F.
771 3344 854 3398 tantis

147 3433 169 3464 ¹⁰
186 3431 216 3483 F.
235 3429 266 3483 P.
286 3428 361 3500 qnod
383 3431 534 3484 auctoritas
552 3428 654 3484 Christi

186 3631 259 3753 cog.
277 3630 328 3686 vr.
364 3631 413 3684 ³1.
438 3631 561 3686 smmi.
585 3631 699 3695 (cathol.
724 3631 745 3683 r.
763 3596 877 3696 assus)
901 3646 960 3699 esp.
981 3631 1015 3683 x.
1040 3647 1064 3683 v.
1088 3634 1114 3682 1:
1147 3629 1239 3695 ..rura

117 3705 208 3755 autem
245 3701 332 3753 amuel
349 3700 504 3753 lenticulam
522 3699 587 3763 olei,
606 3704 633 3751 et
650 3698 744 3752 effudit
761 3715 844 3766 super
862 3707 943 3769 caput
962 3699 1035 3766 ejus,
1053 3699 1081 3751 et
1099 3695 1238 3751 deoscula-

116 3774 160 3822 tus
179 3771 222 3846 est
239 3783 315 3826 eum,
334 3774 361 3819 et
378 3768 427 3820 ait:
457 3767 544 3846 Ecce,
570 3767 647 3819 unxit
668 3773 695 3820 te
714 3767 845 3821 Dominus
872 3782 952 3846 super
969 3765 1144 3846 hereditatem
1162 3781 1240 3845 suam

116 3836 145 3889 in
162 3835 324 3916 prrncipem,
335 3840 376 3913 'et
400 3835 529 3913 liberatas
546 3835 780 3954 populumDsuum
796 3836 828 3888 de
844 3835 967 3916 mambus
978 3849 1158 3953 ‘rnrmrcorrlnln
1166 3848 1237 3954 {jus

116 3903 302 4050 {dphllciull
307 3909 619 4050 tlglllllailudaadldddt:
630 3908 760 4067 ἶ,(,ΞΡτξῃξεῗο
773 3917 1073 4090 ldrgldnddddffldbjfficisg
1090 3916 1240 4048 sernloneelrl

116 4039 652 4176 inludittttdlttttttnt
666 4054 732 4160 lta
749 4037 1177 4175 .u.t.}⁸t..;;¹l.l0..⁰tt¹¹⁸
1195 4055 1238 4093 ‘⁶'

120 4177 142 4208 ¹²
160 4176 260 4244 ,‚quia“
286 4182 349 4236 tnon
376 4182 406 4228 ut
430 4176 554 4236 vicarius)
577 4190 650 4228 more
673 4175 799 4242 vulgatae
821 4173 971 4227 Bibliorum
988 4173 1118 4228 versionis
1135 4174 1193 4242 hic,
1212 4181 1239 4230 et

118 4243 184 4297 alibi
201 4242 352 4309 multoties,
372 4260 421 4313 pro
441 4243 531 4310 quod
550 4242 650 4296 dictum
667 4258 743 4308 esse,
761 4241 805 4297 vix
823 4258 892 4311 opus
911 4246 952 4297 est
969 4248 999 4296 ut
1016 4257 1178 4297 moneamus.
