2940 4808
197 317 237 379 96
489 317 623 374 DANTIS
640 317 860 374 MONAEGHIA
876 317 925 372 111.
944 317 971 372 G.
992 323 1016 373 3.

149 494 287 563 rosolus
308 491 495 558 traditiones
516 491 688 576 habentes,
718 492 759 557 ab
783 491 859 574 hoo,
888 496 923 556 ut
945 489 1124 574 dicebatur,
1150 490 1319 575 gymnasio

199 592 391 660 excludendi
413 599 493 660 sunt.
532 592 666 680 Oportet
687 593 771 661 enim
794 593 877 658 hanc
899 592 1067 659 veritatem
1090 596 1255 677 venantes,
1280 612 1322 679 ex

197 695 253 779 iis,
294 716 335 762 ex
368 695 482 779 quibus
514 695 679 762 Ecclesiae
719 700 827 760 manat
865 693 1052 777 auctoritas,
1092 692 1319 777 investigando

198 795 380 881 procedere.

283 899 343 965 His
365 899 474 982 itaque
496 901 542 966 sic
564 899 717 983 exclusis,
741 897 934 966 excludendi
948 904 1020 965 sunt
1043 899 1133 982 alii,
1158 898 1229 983 qui,
1254 920 1319 966 cor·

150 1021 312 1073 sororum
333 1003 450 1085 plumis
472 1001 588 1086 operti,
613 1021 689 1068 oves
704 1002 796 1066 albas
817 1000 851 1065 in
865 1020 962 1084 grege
977 1001 1107 1067 Domini
1130 1020 1165 1067 se
1184 1001 1319 1085 jactant.

200 1102 243 1168 Hi
264 1108 337 1168 sunt
358 1103 531 1187 impietatis
552 1103 625 1186 filii,
650 1103 719 1186 qui,
748 1108 783 1168 ut
803 1103 926 1186 flagitia
948 1123 1006 1168 sua
1030 1102 1164 1184 exsequi
1185 1103 1319 1188 possint,

200 1209 334 1270 matrem
364 1206 570 1290 prostituunt,
598 1206 713 1271 fratres
741 1205 920 1290 expellunt,
950 1210 982 1272 et
1011 1204 1149 1286 denique
1176 1204 1322 1289 judicem

201 1306 319 1374 habere
334 1307 453 1374 nolunt.
490 1308 574 1372 Nam
596 1328 651 1374 cur
665 1307 708 1372 ad
731 1327 785 1374 eos
807 1306 887 1373 ratio
905 1311 1122 1391 quaereretur,
1146 1325 1245 1388 quum
1264 1326 1322 1372 sua

202 1408 376 1492 cupiditate
399 1409 519 1476 detenti
541 1409 697 1495 principia
718 1430 782 1476 non
803 1408 970 1475 viderent?

150 1530 182 1583 ss
285 1512 486 1596 Quapropter
519 1532 590 1577 cum
619 1511 696 1577 solis
729 1509 920 1577 concertatio
942 1514 1056 1594 restat,
1091 1509 1161 1594 qui,
1185 1510 1322 1592 aliquali

200 1614 269 1679 zelo
299 1630 375 1694 erga
402 1619 536 1680 matrem
558 1613 736 1679 Ecclesiam
764 1612 850 1679 ducti
857 1661 865 1695 ,
894 1612 1012 1698 ipsam,
1044 1630 1126 1694 quae
1149 1611 1323 1696 quaeritur,

200 1714 368 1780 ueritatem
389 1713 545 1796 ignorant.
584 1715 663 1781 Cum
685 1715 799 1797 quibus
821 1715 879 1780 illa
900 1713 1079 1781 reverentia
1093 1712 1202 1796 fretus,
1226 1731 1324 1794 quam

200 1815 272 1901 pius
294 1813 378 1881 filius
400 1815 495 1885 debet
516 1817 616 1901 patri,
641 1836 736 1898 quam
757 1816 829 1902 pius
851 1814 936 1880 filius
957 1814 1065 1898 matri,
1087 1814 1160 1898 pius
1182 1813 1217 1878 in
1233 1813 1322 1880 chri-

202 1922 299 2002 stum,
328 1919 400 2004 pius
422 1919 455 1983 in
476 1918 669 2002 Ecclesiam,
699 1917 770 2003 pins
792 1917 826 1981 in
847 1919 1028 2000 Pastorem,
1060 1916 1132 1999 pius
1154 1914 1188 1979 in
1212 1934 1323 1982 omnes

151 2038 183 2092 so
204 2019 415 2086 Christianam
429 2020 616 2102 religionem
630 2019 824 2105 profitentes,
846 2040 905 2104 pro
928 2019 1030 2085 salute
1046 2017 1190 2085 veritatis
1212 2017 1247 2083 in
1262 2018 1324 2084 hoc

200 2121 282 2188 libro
306 2127 465 2189 certamen
485 2121 612 2206 incipio.

659 2304 781 2394 [carun
802 2303 859 2393 uu]

287 2443 343 2509 Isti
365 2464 457 2527 vero,
480 2443 522 2510 ad
545 2462 623 2524 quos
646 2444 706 2510 eu't
727 2448 795 2509 tota
811 2443 984 2527 disputatio
1006 2462 1153 2527 sequens,
1176 2461 1322 2509 asseren-

202 2553 251 2614 tes
273 2545 494 2614 auctoritatem
515 2546 645 2630 Imperii
667 2547 709 2611 ab
731 2545 918 2612 auctoritate
940 2545 1104 2612 Ecclesiae
1128 2543 1322 2630 dependere,

229 2767 252 2799 ⁷⁵
270 2764 365 2820 Fidem
383 2764 506 2820 codicum
523 2764 555 2818 F.
573 2763 605 2818 1..
623 2763 662 2818 M.
687 2763 735 2828 (M.

269 2851 354 2905 habet
371 2851 484 2910 dicebat)
508 2864 612 2918 sequor.
642 2879 676 2889 -
701 2848 734 2902 A.

269 2935 300 2988 P.
328 2936 394 2990 adut
415 2935 558 2991 dicebatur
581 2951 674 3006 qymu.
702 2964 736 2973 -

269 3018 303 3072 V.
330 3019 397 3074 abiit
422 3019 562 3074 dicebatur
587 3034 678 3090 pymu.
702 3046 736 3057 -

269 3103 304 3156 H.
316 3102 355 3158 ad
371 3101 422 3158 hoc
439 3109 470 3157 ut
487 3103 627 3160 dicebatur
643 3118 736 3175 qymu.

228 3188 251 3221 ⁷⁷
268 3188 301 3241 A.
322 3186 436 3260 Oportet
458 3205 523 3260 erqo
548 3189 737 3244 auctoritatem

269 3279 428 3327 coamantes
462 3303 496 3312 —
529 3272 562 3327 V.
589 3271 639 3344 Op.
667 3271 738 3326 douc

270 3357 345 3411 uerit.
364 3362 492 3411 venantes

230 3443 253 3476 ⁷⁷
270 3441 302 3496 F.
321 3442 351 3495 P.
372 3446 399 3496 et
415 3439 572 3512 uestipoudo
586 3438 738 3512 procedere

229 3528 253 3562 ⁷⁷
270 3527 302 3582 F.
313 3527 350 3581 M.
369 3531 397 3581 et
414 3524 487 3581 editt.
506 3527 599 3596 itaque
617 3524 737 3580 occlusis

286 3612 324 3668 M.
342 3612 373 3665 P.
391 3626 532 3667 cervorum
544 3610 648 3681 plumis

231 3698 254 3732 ⁸⁰
270 3699 304 3752 A.
322 3697 354 3752 L.
371 3697 403 3750 P.
420 3694 453 3749 V.
472 3697 583 3768 apertis,
602 3711 665 3751 oves

288 3784 321 3839 V.
349 3797 411 3838 oues
437 3779 500 3835 attis
522 3810 556 3819 —
579 3778 612 3834 F.
638 3779 738 3836 omittit

270 3869 348 3924 ultus

287 3952 319 4007 F.
337 3953 368 4007 P.
385 3951 497 4007 Domini
507 3951 619 4021 jactant

234 4036 256 4071 ⁸⁷
273 4037 303 4091 P.
322 4043 352 4091 ut
367 4036 508 4109 sulpitium
525 4050 577 4090 suu
595 4035 706 4104 assequi

812 2763 835 2796 ⁷⁷
852 2762 887 2816 M.
911 2769 1024 2817 matrem
1039 2768 1228 2833 prosteruunt.
1251 2760 1323 2831 quod

855 2847 918 2902 olim
935 2853 962 2901 et
979 2846 1008 2901 in
1025 2846 1058 2900 V.
1076 2846 1162 2902 fuisse
1177 2847 1292 2902 videtur.

814 2933 837 2966 ⁸⁷
854 2933 887 2986 A.
906 2933 940 2986 Η.
958 2931 997 2986 Μ.
1016 2931 1088 2986 Nam
1109 2928 1169 2988 cum

872 3016 1096 3072 Emendationem
1117 3015 1195 3088 apud
1217 3032 1279 3081 cos,
1306 3030 1324 3069 a

857 3102 935 3158 nobis
952 3102 1129 3172 propositam,
1147 3107 1175 3157 et
1192 3099 1325 3156 aFratic.

856 3190 1007 3256 receptam,
1040 3203 1122 3256 quum
1154 3201 1214 3241 eam
1247 3184 1325 3241 codd.

857 3271 1019 3327 auctoritate
1036 3288 1091 3327 non
1108 3270 1259 3326 rideremus
1276 3270 1325 3325 fir·

855 3363 962 3424 matam,
980 3373 1054 3412 nunc
1070 3356 1221 3425 rejecimus.

873 3442 905 3495 A.
924 3443 995 3496 ratio
1014 3446 1164 3512 quaeratur

814 3526 836 3560 ⁷⁷
854 3525 887 3581 F.
910 3525 948 3580 M.
965 3526 996 3579 P.
1014 3525 1137 3580 V.-A.
1155 3525 1190 3579 H.
1209 3523 1248 3585 311.
1269 3539 1327 3580 uon

855 3610 981 3666 uidcruut
997 3640 1031 3650 -
1048 3609 1116 3664 Edd.
1134 3625 1191 3664 uou
1207 3608 1328 3664 oidcriut

815 3695 838 3730 ⁸⁷
854 3695 945 3751 Verba
962 3695 1040 3750 debet
1050 3686 1143 3765 patri,
1161 3709 1243 3765 quam
1257 3694 1329 3766 pius

854 3782 930 3853 filius
947 3778 1075 3836 omittunt
1092 3777 1130 3833 M.
1148 3778 1179 3831 P.

874 3883 955 3937 quum
967 3863 1136 3920 desideratur
1153 3862 1181 3918 in
1198 3863 1290 3932 Hung.

818 3952 841 3985 ⁷⁷
858 3951 890 4007 F.
907 3951 937 4004 P.
952 3951 1020 4024 pius
1037 3950 1065 4003 iu
1083 3947 1205 4004 homiues
1225 3947 1289 4004 cur.

816 4036 838 4069 ⁷¹
857 4036 891 4090 H.
908 4035 945 4089 M.
967 4035 1068 4106 tuci-roto
1086 4039 1222 4090 satamon

274 4240 298 4274 ⁷⁷
314 4239 399 4296 Iidem
416 4255 483 4310 qnos
500 4252 584 4308 supra
601 4237 671 4293 tilios
689 4235 790 4295 diaboli
807 4252 866 4296 esse
883 4237 958 4293 dixit.
