2940 4808
451 307 584 363 DANTIS
602 307 821 362 MONARCHIA
838 307 873 361 ΙΙ.
892 323 915 361 c.
936 311 958 361 3.
977 313 1000 361 4.
1242 304 1282 363 47

153 434 365 562 ‘secunda
394 480 480 546 nico
509 480 583 563 eure,
615 480 726 562 regma
755 485 787 546 a
808 484 910 546 mater
932 478 1228 562 carthaginensium
1249 479 1283 544 nn

165 581 316 665 Africa3
341 585 373 646 et
396 581 481 664 quod
502 582 597 648 iirerit
619 582 750 666 conjux,
774 581 859 648 idem
880 586 988 647 noster
1006 582 1109 648 Poeta
1130 581 1281 647 vaticina·
1301 587 1333 639 80

164 689 212 750 tur
234 683 268 748 in
290 688 419 767 qnarto;
441 682 545 764 inquit
567 684 650 751 enim
673 682 713 750 de
734 683 877 750 Didone:

312 890 316 900 Ι
364 817 423 872 Nee
439 817 496 886 jam
512 815 640 870 furtinum
658 817 727 872 Dido
745 816 889 872 meditatur
906 829 1035 882 amorem,

368 902 527 972 Coniugium
545 908 635 966 vocat3
654 902 706 957 hoc
723 901 857 971 praetexit
873 901 980 955 nomine
997 901 1111 969 eulpam.

164 1026 319 1108 Tertia,
352 1024 488 1090 Lavinia
520 1024 593 1107 init,
633 1023 829 1088 Albanorum
861 1023 1136 1103 Romanorumque
1170 1027 1281 1105 mater,

163 1128 248 1210 regis
268 1127 376 1192 Latini
397 1125 464 1190 filia
485 1127 605 1210 pariter
627 1131 659 1191 et
681 1125 787 1208 heres3
812 1124 840 1188 si
862 1143 972 1189 uerum
994 1129 1043 1188 est
1064 1123 1280 1189 testimonium
1301 1129 1332 1180 85

163 1230 262 1296 nostri
283 1229 403 1294 Poetae
426 1227 458 1290 in
473 1226 594 1309 ultimo,
617 1226 672 1291 nbi
689 1226 829 1290 Turnum
847 1225 965 1291 uictum
988 1223 1167 1307 introducit,
1191 1245 1280 1290 oran-

161 1336 224 1398 tem
247 1328 433 1413 suppliciter
455 1328 498 1394 ad
519 1330 662 1395 Aeneam
684 1327 744 1392 sio:

399 1504 404 1516 .
442 1503 447 1513 .
485 1505 490 1516 .
526 1461 634 1530 Vicisti;
653 1467 681 1515 et
698 1461 797 1514 rictum
814 1459 923 1514 tendere
940 1459 1044 1528 palmas

398 1546 513 1601 Ausonii
529 1546 626 1600 ridere.
663 1544 724 1598 Tua
741 1550 782 1598 est
798 1543 911 1599 Lavinia
929 1546 1036 1614 conjux.

161 1665 249 1744 Quae
276 1665 390 1732 ultima
416 1686 497 1734 uxor
525 1667 564 1733 de
593 1666 688 1731 Italia
715 1665 789 1748 fuit,
818 1664 1000 1748 Europae
1027 1666 1158 1748 regione
1187 1666 1275 1732 nobi·
1295 1675 1329 1726 eo

160 1765 290 1833 lissima.

243 1869 303 1933 His
325 1869 433 1950 itaque
455 1867 498 1932 ad
521 1867 714 1935 evidentiam
729 1866 977 1952 subadsumptae
992 1869 1203 1952 praenotatis,
1227 1870 1277 1935 eui

158 1989 221 2037 non
244 1969 324 2036 satis
345 1989 531 2056 persuasum
554 1974 611 2053 est,
634 1969 769 2049 Romani
790 1969 901 2054 populi
918 1973 1050 2054 patrem,
1073 1973 1106 2034 et
1127 1989 1185 2054 per
1206 1990 1277 2037 eon-

159 2089 297 2153 sequens
318 2071 422 2156 ipsum
437 2072 605 2157 populum,
629 2069 860 2137 nobilissimum
881 2069 979 2136 fuisse
997 2070 1055 2135 sub
1079 2071 1191 2138 coelo?
1213 2073 1278 2137 Aut

159 2192 253 2256 quem
286 2173 320 2238 in
348 2173 406 2239 illo
429 2172 548 2258 duplici
577 2192 728 2238 concursu
756 2171 917 2252 sanguinis
950 2191 970 2236 a
998 2172 1141 2253 qualibet
1169 2173 1278 2239 mundi
1296 2184 1327 2237 95

157 2279 250 2358 parte
272 2272 306 2338 in
328 2293 424 2340 unum
446 2274 563 2356 virum,
585 2272 836 2358 praedestinatio
859 2271 968 2339 divina
989 2273 1125 2339 latebit?

616 2463 737 2537 [cerer
758 2463 814 2537 ru]
908 2460 912 2469 '

242 2584 328 2661 Illud
358 2615 498 2679 quoque,
535 2593 620 2677 quod
648 2593 766 2659 adsui
800 2595 1026 2680 perfectionem
1054 2595 1276 2661 miraculorum

157 2696 311 2778 suffragio
331 2697 478 2782 juvatur,
501 2700 550 2764 est
572 2716 592 2761 a
613 2696 683 2762 Deo
705 2695 853 2779 volitum,
884 2701 917 2763 et
937 2717 994 2780 per
1017 2715 1212 2778 consequens
1235 2696 1275 2764 de

153 2798 227 2883 jure
255 2797 300 2864 fit.
351 2797 392 2862 Et
421 2797 506 2880 quod
533 2797 595 2862 ista
624 2798 686 2862 sint
714 2817 806 2881 vera,
839 2801 943 2883 patet,
973 2797 1060 2881 quia,
1090 2797 1171 2862 siout
1199 2796 1276 2863 dicit

156 2899 331 2966 Thomas
353 2899 494 2968 intentio
510 2919 567 2966 suo
591 2904 700 2966 contra
715 2899 871 2965 Gentiles:
893 2898 1100 2982 „Miraculum
1115 2904 1172 2983 est,
1189 2898 1274 2981 quod

181 3065 205 3106 ⁷⁹
220 3065 259 3120 M.
278 3065 309 3119 V.
327 3066 384 3136 suit
403 3063 474 3120 Dido
744 3065 808 3134 Gap.
826 3064 873 3120 IV.
912 3067 919 3098 ¹
937 3065 967 3118 P.
987 3063 1064 3119 Illud
1080 3065 1155 3136 quod
1177 3064 1215 3141 ad
1231 3065 1276 3118 sui

182 3151 207 3183 ⁸⁰
223 3149 261 3203 Μ.
280 3149 312 3202 V.
339 3181 374 3190 -
399 3149 432 3202 L.
450 3154 542 3204 noster
560 3156 634 3204 vater
656 3181 689 3190 —
809 3182 842 3189 —
860 3151 893 3204 H.
912 3149 986 3204 Illud
1003 3166 1111 3221 qaoque
1128 3150 1165 3204 od
1181 3152 1226 3205 eui

224 3233 332 3303 Reliqui
350 3234 477 3289 omittunt
489 3243 575 3305 poeto
784 3235 845 3288 ²H.
865 3251 925 3290 eum
943 3253 960 3290 a
977 3235 1035 3290 Deo
1053 3235 1164 3290 volitum

182 3319 205 3352 ⁸⁷
222 3318 255 3372 L.
273 3318 434 3390 simpliciter
450 3349 484 3356 -
498 3319 532 3372 H.
550 3319 673 3374 similiter
784 3321 803 3387 2,
823 3319 880 3374 3Ρ.
893 3337 949 3392 per
966 3336 1040 3376 eoas.
1059 3338 1076 3375 a
1093 3319 1152 3375 Deo
1166 3319 1201 3390 fit

183 3403 206 3437 ⁸⁸
223 3402 255 3456 L.
274 3403 387 3458 reddere
399 3402 512 3474 polmus
784 3405 795 3437 ³
812 3403 844 3458 F.
866 3405 917 3459 iate
934 3407 970 3460 stt
986 3422 1051 3461 vera
1068 3435 1103 3445 -
1118 3404 1152 3459 Η.
1171 3405 1202 3458 L.
1221 3405 1273 3459 e'rte

182 3487 206 3522 ⁰⁰
223 3486 255 3541 F.
271 3502 326 3540 non
343 3487 426 3542 habet
443 3487 573 3560 Europae
808 3491 960 3545 sicaetera

184 3572 208 3606 ⁹⁵
225 3571 279 3625 Pro
298 3570 345 3626 r'llo
362 3571 394 3626 F.
422 3573 530 3628 exhibet
551 3573 688 3628 adbrevia-
828 3573 861 3628 F.
880 3575 910 3628 P.
927 3579 1004 3647 potet
1020 3575 1075 3630 ric:

221 3655 321 3710 tionem
339 3671 407 3725 qnae
425 3657 517 3728 aliquo
540 3657 689 3726 significare
825 3658 856 3713 F.
875 3661 945 3715 sicut
963 3658 1079 3714 Flromer

222 3739 335 3795 ridetur.

224 3877 248 3910 ⁸⁰
264 3875 376 3931 Vraon..
393 3876 493 3933 Aeneis
511 3876 557 3930 IV.
578 3881 633 3930 tur.
731 3876 754 3910 ⁸⁰
770 3876 838 3931 Ibid.
857 3878 916 3931 XII.
935 3883 993 3934 936.
1090 3877 1113 3910 ⁹⁰
1130 3877 1270 3932 Auerours

153 3943 246 4014 Epist*
262 3944 297 3998 ad
313 3943 402 4012 Reges
421 3950 444 4012 ᾗ.
464 3951 487 3999 t.
524 3945 628 4012 „Deum
651 3944 803 4000 Romanum
820 3945 973 4016 Principem
995 3944 1211 4015 praedestinasse
1227 3961 1269 4000 re·

153 4011 225 4067 lueet
241 4010 270 4066 in
286 4012 360 4068 miris
378 4013 544 4069 effectibus.“

220 4079 292 4149 nep.
310 4079 362 4136 IV.
405 4082 556 4137 4ΤΗοΜΑΕ
580 4081 735 4144 lemanna
759 4080 868 4136 Summa
886 4085 980 4135 contra
998 4080 1119 4136 Gentiles
1142 4080 1190 4138 III.
1213 4086 1266 4135 tor.

153 4148 244 4214 ,Haec
262 4163 330 4217 quae
347 4154 456 4218 praeter
479 4150 599 4206 ordinem
617 4149 791 4205 communiter
815 4149 843 4203 in
860 4149 940 4203 rebus
961 4155 1092 4203 statutum
1110 4149 1270 4220 quandoque

152 4189 276 4271 (livinitus
293 4217 376 4282 fiunt,
394 4219 523 4274 miracula
541 4217 594 4272 dici
611 4219 724 4274 solent.“

475 4313 486 4343 C
