2940 4808
532 311 815 368 PROLEGOIIIINA.
1145 319 1236 374 XXIX

166 489 237 585 ejus
264 490 347 562 lucis
375 490 612 584 receptionem,
647 489 721 585 quia
748 489 824 561 luno
859 514 876 560 a
904 492 971 563 sole
1006 517 1099 563 suam
1127 494 1235 595 lucem

165 619 299 713 recepit.
326 617 419 690 Unde
446 628 536 712 pater
555 617 703 687 omnium
724 618 926 712 planetarum
962 644 1020 716 per
1055 622 1237 716 astrologos

165 746 236 842 ipse
247 744 295 816 sol
308 744 510 817 describitur.
524 746 573 838 29)
601 743 656 814 Sic
675 743 857 816 dominium
868 744 1105 842 Imperialerel
1116 749 1236 844 Regale

167 872 330 944 derivatur
356 872 545 943 a-dominio
569 871 694 967 Papali,
720 871 768 942 vel
785 873 985 964 sacerdotali,
1012 887 1169 971 quantum
1197 880 1235 949 ad

166 998 237 1094 ejus
264 1001 512 1089 formationem,
537 1000 771 1094 velquantum
799 999 837 1070 ad
866 997 935 1092 ejus
962 1001 1162 1097 dignitatem,
1188 1005 1237 1076 vel

168 1127 366 1200 auctoritatis
393 1126 645 1222 receptionem.“

382 1359 386 1368 ·
414 1339 501 1399 Aua.
520 1342 579 1398 'rs
597 1343 618 1397 1.
638 1348 659 1395 1.
678 1343 722 1407 cn.
743 1341 828 1397 uon,
846 1343 893 1396 111.
913 1347 946 1410 s).

167 1480 335 1574 „Potestas
363 1484 550 1580 temporalis
586 1481 733 1577 Regum,
766 1483 1004 1579 Imperatorum
1042 1497 1073 1555 et
1099 1485 1237 1557 aliorum

167 1608 357 1705 Principum
386 1611 599 1682 saecularium
629 1621 678 1682 est
712 1611 745 1682 in
772 1611 990 1683 ministerium
1028 1613 1098 1684 data
1126 1638 1142 1682 a
1169 1612 1237 1684 Deo

169 1736 274 1834 Papae
285 1748 318 1807 et
334 1737 405 1808 aliis
416 1738 569 1809 Praelatis
587 1736 763 1828 Ecclesiae,
781 1738 813 1809 in
829 1738 945 1834 quibus
959 1740 1080 1810 residet
1097 1750 1238 1836 potestas

95 1848 98 1854 ¹
170 1864 346 1961 spiritualis
366 1921 485 1936 .....
504 1865 566 1936 Per
583 1875 775 1961 potestatem
804 1864 906 1961 Papae
935 1866 1030 1938 babet
1057 1868 1181 1938 institui
1208 1879 1240 1939 et

168 1973 311 2087 regulari
338 1994 365 2064 si
383 1994 468 2065 bona
487 2003 546 2083 est,
573 2002 605 2062 et
630 2016 688 2087 per
715 1992 817 2090 ipsam
846 1992 942 2064 habet
968 1994 1181 2065 condemnari
1209 2005 1240 2065 et

165 2119 304 2214 judicari
332 2120 357 2191 si
384 2120 469 2191 bona
497 2144 562 2190 non
591 2120 641 2190 sit.
694 2118 782 2214 Ergo
817 2120 888 2191 talis
914 2132 1055 2216 potestas
1090 2145 1155 2193 non
1191 2133 1240 2192 est

169 2247 359 2319 immediate
393 2273 409 2318 a
443 2247 523 2338 Deo,
557 2248 612 2319 sed
656 2258 706 2318 est
742 2247 774 2317 in
817 2247 1035 2320 ministerium
1071 2251 1239 2345 potestatis

170 2375 346 2470 spiritualis
373 2375 476 2447 data.“

117 2499 188 2572 XL.
210 2503 241 2571 l.
268 2503 372 2600 „Papo
399 2526 465 2573 non
492 2502 574 2573 tollit
592 2502 741 2574 ordinem
759 2501 857 2574 alteo
876 2503 1061 2574 institutum
1080 2512 1238 2598 quantum

151 2629 210 2700 ad
230 2630 287 2700 ista
305 2630 369 2700 duo
388 2631 558 2725 regimina,
576 2631 632 2701 sed
652 2630 735 2701 berre
753 2630 836 2702 tollit
853 2632 1020 2726 potestatis
1038 2631 1240 2722 abusionem,
1305 2690 1313 2702 .

171 2769 217 2848 ut,
243 2759 271 2828 si
298 2768 464 2853 potestate,
491 2782 587 2854 qnam
608 2758 735 2829 confert
759 2757 961 2854 Imperatori,
988 2759 1055 2853 ipse
1081 2758 1241 2849 abutatur,

170 2885 361 2975 Ecclesiam,
388 2883 480 2979 cujus
507 2885 667 2956 mandatis
695 2896 824 2956 tenetur
850 2910 974 2981 parere,
1000 2886 1182 2958 invadendo
1210 2896 1242 2956 et

88 2996 90 3000 ⁵
171 3012 423 3103 contemnendo,
440 3024 548 3108 potest
564 3013 668 3110 ipsam
687 3013 726 3084 ab
745 3038 782 3084 eo
795 3012 907 3084 tollere
919 3014 1049 3085 etalteri
1062 3014 1243 3084 conferre.“

206 3265 234 3328 ²⁹)
254 3263 354 3319 Glossa
367 3265 403 3319 ad
413 3263 617 3332 „lntersolem“
635 3264 671 3317 ad
680 3263 746 3331 esp.
757 3269 781 3318 6.
799 3263 833 3316 X.
850 3263 893 3316 De
903 3262 1023 3334 Majorit.
1035 3268 1062 3316 et
1072 3263 1152 3318 obed.
1165 3264 1186 3317 1.
1197 3267 1239 3317 33.

120 3356 240 3425 „Igitur,
259 3373 343 3426 quum
362 3363 435 3412 terra
452 3358 487 3411 sit
505 3357 607 3425 septies
625 3357 713 3427 major
730 3357 802 3422 luna,
820 3356 969 3410 solantem
989 3357 1075 3411 octies
1093 3362 1136 3412 est
1154 3359 1242 3428 major

118 3453 201 3517 terra,
220 3455 306 3505 restat
322 3468 386 3518 ergo
404 3460 435 3505 ut
451 3444 615 3519 pontificalis
634 3449 753 3518 dignitas
771 3449 984 3519 quinquagesies
994 3450 1096 3517 septies
1110 3450 1145 3504 sit
1155 3451 1241 3519 major

119 3544 208 3611 regali
225 3544 386 3612 dignitate.“
420 3575 437 3582 --
454 3545 617 3598 Laurentius
634 3544 679 3598 hic
695 3544 810 3598 adducit
827 3544 930 3597 dictum
948 3544 1112 3598 Ptolemaei:
1151 3543 1240 3596 Mani—

119 3635 223 3692 festum
242 3645 293 3702 est‚
311 3639 386 3708 quod
403 3636 563 3704 magnitudo
583 3637 647 3691 solis
658 3638 779 3691 eontinet
791 3636 1007 3705 magnitudinem
1025 3641 1113 3690 terrae
1136 3639 1240 3690 centies

121 3735 150 3784 et
167 3732 365 3801 quadragesies
382 3732 484 3800 septies
502 3739 530 3784 et
548 3731 616 3784 duas
635 3730 794 3784 medietates
804 3732 874 3800 ejus.
900 3731 968 3784 item
986 3728 1076 3797 palam
1097 3737 1147 3796 est,
1165 3730 1241 3799 quod

120 3816 284 3894 magnitudo
310 3826 375 3880 solis
399 3825 521 3879 continet
543 3823 758 3890 magnitudinem
781 3823 862 3877 lunae
887 3822 988 3890 septies
1007 3821 1108 3875 ‘millies
1126 3827 1155 3876 et
1171 3839 1242 3892 qua·

122 3918 269 3988 dragesies
292 3923 320 3973 et
344 3925 441 3987 quater
465 3923 493 3971 et
515 3918 626 3983 insuper
650 3901 710 3985 ejus
735 3917 918 3972 medietatem.
966 3916 1035 3969 Item
1060 3915 1139 3980 dicit,
1166 3917 1240 3984 quod

90 4022 92 4026 “
122 4020 196 4068 terra
214 4012 338 4068 continet
354 4011 571 4080 magnitudinem
588 4010 668 4064 lunae
686 4010 811 4077 trigesies
833 4008 936 4063 novies.
972 4008 1094 4062 Ioannes
1111 4009 1241 4063 Andreae

123 4105 203 4161 dicit:
223 4107 299 4175 quod
317 4106 422 4159 ratione
440 4120 495 4158 non
514 4103 602 4172 capio,
620 4103 767 4171 astrologis
785 4102 918 4170 relinquo.
945 4101 1015 4155 Vide
1026 4100 1165 4158 Prnuurrs
1182 4103 1199 4157 1.
1219 4117 1241 4157 c.

122 4198 170 4253 111.
191 4204 247 4256 183.
265 4198 299 4254 Ν.
318 4202 358 4252 21.
