2940 4808
178 307 242 362 xvi
599 303 883 364 Pnouueouurtd.

178 505 265 553 artno
296 480 392 552 1859
427 479 586 552 auctionis
621 479 692 572 lege
719 478 861 551 Londini
888 503 1007 552 venum
1035 480 1159 572 ivit1‘2),
1198 505 1296 576 quem

181 619 215 680 ut
250 609 329 679 mibi
364 630 552 704 quaererem
588 616 726 701 quatuor
758 606 912 677 librarum
942 607 1198 680 britannicarum
1225 633 1299 705 pre·

180 736 261 807 tium
299 735 418 824 obtuli,
453 735 483 807 id
519 735 616 805 etiam
651 733 791 824 addens,
826 744 877 824 ut,
910 734 936 805 si
964 736 1016 805 cui
1044 737 1297 832 competitorum

176 864 352 958 opuscula,
388 863 419 933 in
455 862 570 933 eodem
598 860 764 931 volumine
790 883 865 932 curn
894 861 1087 934 llonarcbia
1114 862 1298 956 conjuncta,

181 1014 276 1062 curae
302 999 421 1078 essent,
449 1012 501 1060 me
519 1012 565 1078 ea,
592 988 688 1058 etiam
708 986 819 1082 gratio,
838 987 883 1058 illi
904 990 1019 1060 cedere
1046 1015 1117 1062 esse
1136 1001 1297 1087 paratum.

181 1117 246 1190 Sed
286 1117 434 1189 vicerunt
473 1139 551 1210 opes
592 1115 801 1187 britannicae.
872 1114 1047 1199 Quomodo
1097 1118 1179 1189 liber
1219 1118 1297 1189 baro

136 1266 149 1281 ·’
180 1243 315 1316 Tannus
333 1245 494 1331 Pununs,
521 1266 607 1313 anno
626 1243 847 1337 praeterlapso
866 1243 1050 1336 defunctus,
1077 1245 1187 1336 libros,
1215 1270 1299 1342 quos

179 1371 395 1467 undequaque
444 1378 698 1458 commercatoS,
747 1368 949 1442 Middlebillii
998 1373 1221 1463 coacervabat,
1267 1385 1300 1443 et

181 1499 297 1594 quibus
330 1499 364 1568 in
398 1498 564 1569 literarum
599 1497 740 1567 fructum
777 1497 822 1567 uti
851 1498 919 1593 ipse
956 1523 1020 1570 non
1048 1500 1186 1591 valebat,
1221 1499 1298 1570 viris

181 1625 284 1697 doctis
317 1625 542 1720 praecluserit,
575 1647 673 1695 nemo
708 1624 823 1694 barum
859 1647 969 1695 rerum
1008 1627 1130 1721 peritus
1166 1630 1297 1722 estqui

180 1753 331 1823 nesciret.
409 1750 589 1846 Quidquid,
624 1775 661 1820 eo
696 1751 836 1840 vivente,
871 1753 1079 1843 tentaverim,
1115 1777 1295 1849 numquam

180 1880 355 1975 impetrare
382 1879 482 1975 potui,
510 1890 543 1949 ut
577 1877 697 1948 codicis
723 1876 940 1969 Monarchiae,
967 1904 1064 1976 quem
1094 1882 1173 1952 mibi
1200 1905 1299 1976 prae·

182 2006 340 2102 ripuerat,
368 2030 432 2077 non
461 2006 532 2076 dieo
560 2005 699 2098 diligens
727 2004 864 2095 collatio,
892 2005 948 2076 sed
976 2008 1156 2078 accuratior
1184 2010 1297 2080 notitia

182 2158 312 2206 mecum
350 2133 660 2204 communicaretur.
721 2129 791 2202 Hoc
832 2133 1043 2204 collectorum
1081 2157 1185 2227 genus
1221 2161 1296 2207 curn

179 2270 311 2332 auctore
325 2260 680 2356 nostro„perniciosam
696 2260 906 2354 voraginem“
921 2261 994 2356 quis
1008 2260 1132 2351 dixerit,
1145 2287 1299 2359 „semper

180 2388 447 2483 ingurgitantem,
473 2395 505 2457 et
531 2410 698 2482 nunquam
726 2386 921 2481 ingurgitata
951 2388 1214 2461 relundentem.“
1269 2464 1277 2477 ‚

282 2515 346 2586 Sed
376 2514 462 2584 diem
497 2513 576 2584 obiit
601 2537 811 2608 supremum,
840 2524 872 2584 et
897 2514 948 2586 vix
975 2516 1168 2607 decesserat,
1195 2542 1296 2613 quum

182 2643 261 2714 laeta
281 2640 505 2713 crebrescebat
524 2641 626 2731 lama,
655 2664 800 2730 omnem,
819 2665 914 2736 quam
935 2641 1120 2737 reliquerat,
1138 2644 1297 2717 librorum

183 2770 312 2864 copiam
354 2769 449 2863 legati
490 2768 624 2839 nomine
667 2768 699 2838 in
743 2768 926 2839 dominium
961 2768 1081 2840 Musaei
1119 2769 1299 2844 Britannici

183 2897 330 2969 cessisse.
376 2896 490 2990 Longe
509 2905 617 2966 tamen
637 2918 732 2966 secus
751 2919 803 2965 res
830 2919 865 2965 se
894 2896 1014 2967 babuit.
1060 2898 1180 2992 alperto
1208 2900 1296 2969 enim

267 3128 296 3193 ¹¹)
322 3126 348 3180 S.
371 3128 467 3183 Laron
485 3127 622 3184 Seruum
649 3127 703 3180 and
720 3127 798 3182 loun
822 3127 1003 3194 Wmmuaon,
1027 3128 1174 3196 Catalogue
1199 3131 1231 3184 of
1252 3131 1299 3186 the

180 3220 386 3289 extraordinary
396 3219 540 3275 collection
557 3219 588 3274 of
595 3219 721 3288 splendid
740 3221 928 3288 manuscripts,
946 3221 1051 3276 formed
1071 3222 1108 3292 by
1121 3222 1299 3279 Gueumnno

180 3315 272 3367 me.
307 3314 423 3367 London
447 3317 518 3368 1859.
554 3313 652 3367 March.
672 3313 702 3365 P.
721 3318 761 3368 55.
786 3313 836 3368 No.
855 3318 913 3368 236.
949 3314 1105 3381 „bassunis
1125 3315 1233 3378 (Jacobi
1253 3319 1298 3381 det

180 3409 271 3462 Lmen
289 3407 387 3462 sunna
404 3408 511 3462 Lunuu
528 3407 714 3472 Scacconuu,
733 3406 868 3474 „Exmioit
877 3408 959 3462 Liber
977 3407 1012 3462 de
1022 3408 1143 3462 Moribus
1152 3409 1297 3465 Hominum

180 3506 208 3556 et
225 3495 326 3556 offitiis
345 3499 475 3554 nobilium
494 3507 521 3553 et
539 3499 711 3569 popularium
732 3516 814 3567 nuper
828 3501 906 3554 Ludo
916 3501 1097 3556 scacchorum
1116 3502 1176 3555 Deo
1196 3504 1299 3571 gratias

181 3597 307 3649 dmen‘.“
331 3623 365 3632 -
389 3593 501 3647 Daunus
519 3590 689 3648 Auacnnmr
708 3594 752 3647 Dn
770 3594 939 3648 Fnonnnrm
958 3596 1049 3649 Lrnnn
1070 3595 1247 3650 Monnacma
1264 3627 1299 3636 -

180 3689 272 3742 Lmen
287 3687 402 3748 Faciam,
421 3686 533 3753 Incipit:
553 3687 714 3752 ‚‚‚‚ldoribua
733 3693 761 3740 et
774 3678 836 3740 Vit'a
854 3689 976 3757 quisquis
996 3687 1055 3742 vult
1072 3701 1133 3742 esse
1151 3688 1301 3745 facetua““

179 3811 213 3822 —
230 3782 276 3836 Da
294 3780 394 3836 Oenea
412 3777 610 3847 Aemonnnu,
628 3780 727 3847 Incipit
746 3780 883 3842 „Nomina
902 3783 1141 3835 instrumentorum
1160 3783 1300 3838 astrolabii

183 3876 290 3928 strnt.““
328 3879 388 3929 lto.
407 3873 482 3929 Saec.
501 3874 577 3936 XIV,
597 3891 633 3927 on
652 3873 760 3927 vellum.

232 4006 255 4033 ‚,.
266 4007 272 4018 .
284 4007 290 4021 .
301 4006 323 4019 ..
337 3971 390 4022 Tho
400 3971 469 4022 work
480 3971 508 4020 of
516 3972 610 4031 Dnnrn
629 3986 662 4018 on
679 3971 817 4036 Monarchy
835 3970 856 4019 is
874 3969 902 4019 of
917 3969 946 4018 ol
960 3970 1003 4019 the
1022 3973 1100 4019 rurest
1117 3985 1253 4020 occurence
1271 3971 1298 4020 in

231 4063 394 4127 manuscript,
412 4080 438 4114 na
456 4065 477 4113 it
493 4065 514 4114 is
531 4068 577 4115 not
593 4063 738 4113 mentioned
755 4063 782 4112 in
800 4064 844 4113 the
862 4062 998 4127 (tetralogus
1016 4062 1187 4114 Bibliothecae
1205 4063 1298 4127 Regiae

230 4154 387 4239 Parmensis,
405 4175 433 4207 or
450 4159 477 4207 in
487 4157 586 4207 Haenel
603 4157 659 4206 who
677 4155 756 4205 found
774 4155 833 4222 only
850 4172 866 4205 a
883 4155 1034 4208 translation
1052 4156 1080 4208 oi
1094 4155 1117 4209 it
1132 4155 1187 4231 into
1203 4155 1300 4209 Iulian

232 4248 315 4310 (dated
336 4250 410 4310 1462)
429 4250 455 4298 in
474 4250 517 4300 tho
535 4248 676 4300 Escurial.“
