2940 4808
195 330 215 394 8
468 337 603 393 Drusis
620 337 840 394 uouARcfflA
857 339 878 392 1.
897 338 926 393 c.
946 343 970 392 a.
988 343 1033 406 (r).

195 510 343 593 abrutis3
367 509 425 576 sed
447 528 518 576 esse
540 508 806 594 apprehensivum
828 531 886 595 per
905 511 1101 577 intellectum
1116 511 1314 596 possibilem,

196 600 281 694 qdod
304 611 432 693 quidem
455 630 526 678 esse
547 611 627 675 nulli
648 611 691 675 ab
716 609 843 677 homine
872 612 929 676 alii
957 613 1109 697 competit
1136 612 1190 677 vel
1218 632 1316 697 supra

196 715 250 782 vel
271 714 361 780 inira.
400 712 483 777 Nam
505 713 566 778 etsi
588 713 672 778 aliae
695 717 767 777 sunt
789 713 947 780 essentiae
970 714 1165 781 intellectum
1187 714 1315 796 partici-

196 820 317 899 pantes,
340 835 402 881 nnn
422 819 530 879 tamen
543 813 723 880 intellectus
738 833 847 880 earum
862 821 910 881 est
924 815 1096 900 possibilis,
1119 821 1153 880 ut
1167 814 1315 898 hominis,

146 927 179 978 40
198 917 273 999 quia
301 916 458 983 essentiae
486 915 569 981 tales
598 916 722 1000 speeies
744 915 902 998 quaedam
925 922 997 982 sunt
1018 918 1260 1001 intellectuales,
1283 923 1316 983 et

196 1039 259 1085 non
280 1017 378 1101 aliud,
400 1022 432 1082 et
454 1036 561 1083 earum
577 1036 646 1084 esse
660 1017 706 1082 nil
722 1021 771 1083 est
786 1016 883 1101 aliud,
907 1037 1001 1101 quam
1016 1019 1205 1102 intelligere,
1229 1017 1316 1101 qued

197 1126 246 1189 θεῖ
267 1120 336 1187 sine
355 1118 613 1204 interpolatione3
638 1118 731 1184 aliter
752 1119 962 1202 sempiternae
982 1141 1047 1186 ncn
1069 1126 1183 1188 essent.
1220 1121 1315 1188 Patet

196 1222 307 1307 igitur,
341 1219 427 1305 qued
458 1220 603 1285 ultimum
631 1219 672 1285 de
703 1221 847 1304 potentia
878 1221 979 1304 ipsius
1012 1222 1242 1306 humanitatis„
1259 1228 1315 1297 est

196 1316 340 1410 potentia
362 1323 430 1389 sive
452 1321 552 1398 virtus
574 1321 778 1388 intellectiva.

146 1434 180 1484 45
280 1425 323 1489 Εῖ
345 1425 420 1506 quia
440 1422 583 1507 potentia
603 1422 667 1487 ista
692 1442 867 1505 perunum
889 1425 1064 1508 hominem,
1094 1445 1151 1491 seu
1178 1446 1238 1510 per
1258 1425 1315 1490 ali-

198 1547 293 1609 quam
307 1524 545 1611 particularium
561 1524 818 1590 communitatum
832 1527 976 1610 superius
999 1526 1226 1611 distinctum,
1249 1532 1317 1594 tcta

221 1747 244 1780 ³⁶
261 1744 328 1800 Edd.
354 1762 371 1799 a
395 1744 433 1800 br.
451 1743 555 1815 ¹portio.
580 1772 611 1782 —-
638 1741 729 1798 Verba
847 1747 911 1797 sunt
928 1743 1003 1814 qnod
1018 1749 1058 1798 est
1074 1748 1178 1798 sone-
1194 1745 1225 1799 P.
1245 1745 1319 1816 qnod

265 1831 331 1902 quio
348 1829 388 1884 sair
405 1832 432 1883 et
443 1829 545 1899 portio.
564 1845 582 1882 o
599 1827 655 1893 bn,
681 1828 731 1882 sed
847 1831 912 1882 sunt
928 1827 1003 1898 qnod
1011 1828 1112 1882 stne—
1124 1828 1157 1882 H.
1170 1829 1245 1900 qnod
1254 1837 1319 1884 snat

266 1930 323 1971 esse
339 1912 501 1987 approbent.
525 1928 580 1967 non
595 1912 730 1968 habentur
848 1911 956 1982 quidem
979 1913 1038 1966 sine
1062 1943 1097 1953 -
1123 1914 1220 1984 reliqui
1244 1914 1318 1984 qnod

264 2001 294 2056 in
311 1999 388 2055 codd.
406 1998 438 2051 F.
456 1998 489 2051 H.
850 2003 914 2051 sunt
930 1997 989 2051 sine

220 2086 244 2120 ³⁸
261 2085 293 2138 A.
312 2083 344 2137 L.
363 2082 435 2137 Nam
452 2082 503 2137 etsi
519 2082 591 2137 oliae
613 2082 668 2135 sint
698 2112 728 2121 -
865 2081 897 2136 F.
915 2081 954 2137 M.
966 2081 1041 2138 -H.
1061 2082 1092 2137 P.
1107 2083 1140 2138 V.
1158 2085 1318 2155 interpolla-

265 2169 296 2224 F.
315 2168 386 2223 Nom
403 2169 429 2222 st
443 2171 507 2221 snnt
523 2166 596 2221 oliae
850 2167 972 2221 tione-
995 2167 1027 2219 A.
1046 2167 1078 2220 L.
1103 2169 1319 2240 interpellatione

221 2255 245 2289 ⁴⁰
259 2255 291 2308 A.
309 2254 412 2325 species
429 2251 537 2322 an'dem
553 2258 617 2305 rant
865 2250 898 2306 F.
916 2251 988 2306 otios
1004 2253 1185 2323 sempiternae

221 2340 245 2373 ⁴¹
262 2339 292 2394 P.
311 2368 343 2378 -
360 2337 395 2391 al.
414 2335 566 2407 intelliqere
583 2334 651 2405 qnid
667 2340 707 2389 cst
817 2337 840 2370 ⁴³
857 2336 889 2390 F.
908 2335 989 2391 Petet
1005 2353 1071 2408 erqo

223 2424 247 2458 ⁴²
264 2424 297 2478 A.
321 2427 384 2492 post
407 2421 475 2492 qnid
497 2426 537 2474 est
560 2421 635 2474 addit
658 2419 733 2489 quod

267 2611 290 2645 ³⁶
306 2609 470 2676 Intellectus,
489 2622 595 2676 quuma
614 2606 771 2688 preirendct,
788 2607 955 2688 estpatiens3
975 2608 1020 2675 qui
1028 2623 1090 2664 vero
1101 2608 1206 2730 Etr-titur
1214 2626 1268 2665 non
1277 2614 1319 2666 θεῖ

195 2680 226 2734 in
242 2681 315 2742 actu,
334 2676 418 2733 sedin
428 2675 557 2779 potentia.
600 2675 649 2731 deo
661 2675 821 2741 mtellectus,
839 2681 1009 2742 inquantum
1018 2692 1102 2746 appre
1122 2676 1202 2736 endrt.
1220 2677 1319 2733 dicitur

197 2746 341 2816 possibilis.
441 2745 460 2824 ἰ
475 2743 555 2825 Tales
576 2744 680 2814 species
704 2743 816 2798 materia
839 2748 945 2810 carent,
972 2761 1027 2799 non
1052 2744 1259 2866 cgprehendunt
1283 2747 1318 2802 ad

197 2814 304 2871 modum
320 2812 436 2869 hominis
453 2829 489 2866 nn
554 2827 583 2866 es
599 2827 689 2867 rerum
707 2817 886 2866 externarum.
956 2812 978 2845 ⁴¹
997 2812 1047 2866 Fa.
1092 2813 1318 2870 amoveamus

197 2884 239 2938 De
281 2886 359 2937 otest.
384 2881 480 2937 summi
490 2827 603 2935 affirnntif.
629 2886 656 2933 et
678 2879 868 2948 reprobatione
890 2879 1031 2935 Monarch.
1058 2896 1176 2950 compos.
1195 2898 1212 2937 a
1228 2882 1318 2937 Dante

196 2900 295 3031 Alliglr.
314 2951 410 3005 Bonon
430 2954 502 3004 1746.
529 2947 688 3015 „Secundus
706 2963 781 3002 error
799 2946 885 3002 estin
902 2947 967 3014 hoc,
991 2948 1064 3016 quod
1087 2949 1152 3004 dicit
1174 2949 1202 3004 in
1225 2951 1319 3006 eodem

198 3035 231 3074 ca
250 3018 316 3074 rtulo
335 3015 628 3085 „quodinsubstantiis
638 3015 849 3085 spiritualibuu,“
866 3031 934 3083 quos
951 3017 1128 3084 ncsAngelcs
1141 3018 1317 3086 appellamus,

198 3035 285 3155 „iguem
303 3089 346 3141 est
362 3101 421 3140 esse
439 3088 467 3141 et
482 3084 637 3153 intelligere,
656 3089 683 3137 et
700 3083 785 3151 quod,
803 3082 856 3138 nisi
873 3083 1001 3138 continue
1017 3084 1203 3154 intelligerent,
1221 3087 1318 3156 sempi-

197 3161 291 3210 ternae
307 3169 362 3209 non
378 3155 495 3208 essent-‘⁶
538 3197 541 3204 .
582 3153 606 3184 ⁴²
629 3151 670 3206 De
693 3167 774 3206 sensu
796 3150 877 3205 huius
901 3150 956 3206 loci
978 3168 1033 3207 ncn
1057 3156 1100 3208 est
1116 3154 1317 3222 ambigendum:

197 3225 284 3277 Actus
307 3219 472 3290 intelligendi
497 3220 594 3274 harum
617 3219 792 3274 essentiarum
815 3218 1033 3288 intelligentium,
1057 3221 1220 3290 Angelorum
1242 3227 1317 3292 puta,

197 3290 250 3346 ulio
274 3295 337 3345 actu
361 3303 506 3359 numquam
528 3287 731 3356 interrumpitur
754 3292 857 3358 (questo
875 3317 907 3326 —
925 3288 1063 3342 intendere
1078 3320 1113 3328 -
1128 3290 1219 3359 sonno
1235 3307 1319 3346 senza

198 3358 413 3423 intermesnono,
437 3361 468 3411 ut
489 3361 563 3410 recte
580 3356 659 3409 vertit
675 3354 805 3420 Ficinust.
843 3354 961 3422 Utraque
984 3355 1066 3425 igitur
1092 3357 1215 3412 codicum
1238 3358 1317 3415 lectio

197 3430 288 3496 potest
309 3425 430 3490 defendi,
457 3423 529 3478 sicut
552 3423 632 3478 etiam
656 3423 729 3491 apud
747 3423 886 3478 Senecam*
894 3423 992 3492 (Epist.
1011 3429 1053 3478 47.
1073 3425 1143 3492 init.)
1161 3433 1317 3495 utrumque:

197 3509 282 3560 ‚noce
305 3493 597 3562 interpellatum‘¹
621 3494 649 3545 et
666 3491 935 3561 „interpolatum
953 3491 1104 3547 silentium‘
1122 3493 1247 3549 habetur.
1282 3495 1319 3551 Ut

198 3567 289 3618 tamen
305 3559 591 3629 interpolatione
617 3557 779 3625 (μεταβολήν
795 3558 968 3624 Aristotelis),
1001 3561 1073 3629 quod
1089 3561 1217 3617 exhibent
1233 3563 1318 3630 editt,

197 3631 354 3696 retinerem,
372 3644 415 3684 me
431 3627 514 3683 movit
531 3626 680 3682 auenritas
702 3627 823 3683 locorum
844 3627 872 3681 in
889 3626 1071 3683 Vocabulario
1089 3630 1180 3694 ,delto
1200 3629 1319 3687 Crnsoa“

198 3714 230 3755 ea
240 3700 290 3754 sub
301 3697 528 3756 vocerelatorum.
547 3695 593 3762 qui
601 3695 683 3750 Italos
692 3696 746 3750 scri
766 3701 837 3751 tores
848 3696 1014 3767 interpolare
1027 3713 1077 3766 pro
1091 3697 1319 3768 „interrumpere“

199 3767 307 3836 saepius
324 3783 376 3821 usu
410 3781 472 3821 asse
488 3762 612 3834 probant.
646 3763 689 3844 tif.
703 3713 885 3844 etssptimum.
904 3779 982 3832 quem
991 3764 1094 3831 dicunt,
1102 3765 1275 3835 interpretem
1283 3767 1319 3822 ad

198 3835 308 3906 Purgat.
336 3833 435 3890 XXV.
463 3836 503 3887 29.
543 3837 663 3901 ,questa
691 3831 740 3887 olto
765 3838 835 3886 anter
856 3831 1029 3886 ollotamente
1053 3841 1236 3905 soprostonno
1263 3835 1319 3890 otto

193 3907 341 3975 pastura.“
424 3903 565 3957 Aucuorus
582 3899 728 3954 Paradisus
839 3906 910 3955 .7e:

451 3986 548 4052 (laerte
563 3985 710 4051 sustonzie,
718 3983 822 4066 poiche
837 3984 888 4055 for
903 3984 1036 4056 proconde

486 4051 565 4108 natta
581 4052 675 4123 soccia
692 4054 721 4107 dr
738 4053 799 4116 Dio,
817 4068 871 4107 non
889 4052 976 4106 sotter
992 4055 1050 4107 ono

486 4121 529 4176 lto
547 4137 615 4187 esso,
632 4121 669 4175 do
686 4121 733 4176 oni
747 4118 824 4174 nullo
840 4121 866 4174 si
882 4121 1030 4176 nasoonde:

453 4188 525 4244 Pero
542 4205 597 4243 non
614 4187 818 4243 dorrrrooedere
836 4189 963 4244 interciso

487 4256 531 4311 Do
548 4272 636 4311 nnooo
653 4255 778 4311 obbietto.
