2940 4808
568 321 852 380 rautnoonnnn.
1168 326 1272 381 XXVII

254 496 421 568 Romanae
440 499 653 592 arrogantiae,
680 499 779 570 nimis
804 499 914 590 elatae,
940 499 1026 571 viros
1044 500 1141 570 ctiam
1169 508 1272 570 caete·

151 624 269 722 roquin
298 626 380 720 parti
408 623 573 720 Guelpbae
601 625 764 716 addictos,
796 627 902 698 verbis
936 639 968 697 et
1002 627 1092 698 lactis
1118 627 1270 699 resistere

151 753 318 850 potuisse,
345 751 437 823 lacile
464 751 665 847 intelligitur.
718 752 763 824 lta
791 754 888 825 etiam
915 767 1081 825 auctorem
1111 766 1271 844 nostrum,

150 878 329 975 apartium
349 879 456 950 studio
474 902 605 975 semper
630 881 785 972 alienum,
810 881 844 951 in
873 882 973 976 patria
993 880 1138 978 Guclpba
1166 882 1271 954 adbuc

153 1017 349 1096 morantem,
374 1017 405 1077 et
431 1005 570 1102 publicis
598 1008 789 1079 muneribus
817 1008 1020 1104 fungentem,
1047 1011 1153 1104 egisse
1180 1020 1272 1105 puta-

152 1157 243 1224 mus3
272 1150 376 1230 neque
403 1134 587 1205 amoribus
615 1135 700 1206 illius
727 1136 794 1205 aevi
823 1135 965 1207 alienum
993 1147 1053 1228 est,
1081 1160 1147 1207 non
1175 1137 1272 1208 suile·

151 1262 236 1332 cisse
272 1271 306 1332 ut
339 1263 410 1358 quis
444 1261 631 1333 concivibus
666 1273 854 1358 suspectum
890 1287 924 1334 se
961 1264 1127 1354 redderet,
1167 1277 1198 1334 et
1231 1264 1270 1335 ab

152 1389 333 1461 bonoribus
372 1397 605 1480 removeretur,
639 1389 725 1485 quod
761 1390 793 1459 in
831 1413 929 1486 opere
956 1391 1034 1462 solis
1070 1392 1271 1463 doctioribus

153 1517 337 1613 composito
380 1527 412 1587 et
445 1515 639 1612 intelligibili
673 1517 873 1588 theoremata
912 1518 994 1614 parti
1030 1519 1270 1591 dominantium

151 1645 287 1716 adversa
313 1643 508 1739 exposuerit.

257 1774 459 1866 Argumenta
486 1793 544 1865 pro
569 1767 642 1862 jure
669 1794 686 1840 a
713 1769 807 1866 Papis
834 1771 995 1844 vindicato
1022 1775 1163 1869 prolata,
1197 1774 1272 1845 licet

152 1901 334 1990 immutata,
361 1897 465 1970 multo
492 1907 601 1967 tamen
629 1896 758 1992 plenius
785 1899 869 1994 apud
896 1909 1054 1990 auctores
1083 1910 1195 1973 nostro
1223 1925 1273 1973 re·

151 2027 334 2116 cautiores,
369 2049 425 2096 eos
460 2023 650 2120 praesertim
687 2024 858 2120 leguntur,
895 2027 948 2122 qui
986 2037 1097 2098 contra
1133 2027 1272 2100 Ludo·

153 2155 290 2226 vicum
310 2151 537 2241 Bavarum,
566 2175 625 2246 pro
651 2151 840 2223 lobenne
866 2153 963 2224 XXll.
991 2165 1167 2227 certarunt.
1205 2155 1270 2228 sed

152 2303 254 2378 quum
291 2278 483 2375 scriptores,
517 2302 599 2374 quos
632 2279 825 2374 impugnare
859 2282 1026 2352 constituit
1058 2281 1197 2373 Dentes,
1231 2284 1270 2355 ad

139 2433 215 2481 nos
235 2431 300 2478 non
320 2407 536 2502 pervenerint,
563 2415 598 2477 ut
615 2430 778 2478 summam
799 2432 914 2479 eorum
941 2433 1021 2504 quae
1048 2434 1108 2505 pro
1137 2435 1172 2482 se
1198 2411 1272 2483 atie·

122 2609 124 2612 ,
151 2545 231 2608 runt
257 2534 431 2630 perspiciat
458 2533 569 2624 lector,
596 2534 770 2606 nonnullas
798 2560 837 2607 ex
864 2535 1041 2609 ducusrmr
1068 2537 1271 2611 Ancomrnm

153 2663 342 2754 (Tmunrm,
369 2661 394 2750 †
424 2659 571 2750 tetam)
599 2683 696 2755 opere
724 2662 763 2734 de
791 2672 947 2758 potestate
975 2664 1190 2736 ecclesiastiea
1218 2667 1279 2766 de·-

152 2799 279 2862 sumtas
306 2788 493 2877 sententias,
520 2811 601 2883 quae
628 2788 792 2881 graviores
820 2789 900 2860 mibi
929 2791 1011 2861 visae
1039 2802 1125 2883 sunt,
1152 2792 1272 2885 insero,

153 2916 336 2990 secundum
364 2914 513 2985 ordinem
542 2909 615 2986 libri
644 2916 746 2988 nostri
773 2939 827 2986 eas
855 2916 1051 3011 disponens,
1086 2929 1120 2989 ut
1147 2919 1273 2992 facilior

154 3043 288 3116 alterius
314 3064 390 3113 cum
418 3041 518 3111 altero
545 3042 587 3113 sit
613 3043 868 3138 compositio.²⁷)
912 3042 1086 3116 Praemitto
1113 3047 1270 3140 quaedam

154 3195 194 3242 cx
220 3169 423 3242 dedicatione
450 3167 489 3239 ad
509 3168 692 3240 Jobannem
711 3169 807 3241 XXll.
834 3182 993 3267 excerpta,
1020 3197 1100 3269 quae
1128 3174 1168 3245 ad
1186 3174 1273 3247 Dan·

154 3308 220 3368 tem
248 3321 283 3368 se
311 3296 434 3367 referre
462 3295 667 3367 crediderim.

154 3564 219 3618 rius.
247 3562 294 3617 Ad
310 3563 364 3616 boc
382 3577 520 3618 sumamus
538 3561 721 3618 testimonium
739 3564 836 3618 summi
851 3559 992 3620 Pontificio
1008 3565 1103 3634 ipsius,
1121 3564 1273 3619 scitiore-

155 3655 238 3712 centii
249 3654 326 3723 (Gap.
335 3659 373 3710 13.
384 3654 418 3709 X.
431 3655 485 3722 Qui
493 3649 541 3710 filii
550 3655 605 3709 sint
613 3655 689 3723 legit.
703 3651 758 3721 ΓΠ),
765 3655 800 3710 de
809 3657 888 3724 Rege
895 3657 1060 3713 Francorum
1071 3658 1110 3712 sic
1119 3656 1271 3726 loquentis:
1344 3732 1348 3737 ἡ

155 3750 235 3817 „Rex
259 3749 426 3804 Francorum
458 3748 626 3817 superiorem
652 3747 680 3802 in
707 3749 904 3818 temporalibus
934 3750 1043 3806 minime
1073 3750 1272 3818 recognoscit.“

154 3843 185 3898 Si
194 3841 280 3907 dicas,
298 3841 504 3911 quaeest-non
515 3842 696 3909 recognoscit,
714 3848 805 3897 tamen
815 3842 922 3913 dejure
935 3843 1057 3906 deberet,
1075 3843 1272 3911 respondemus

154 3950 205 4004 per
221 3935 448 4002 interemtionem,
466 3937 541 4005 quod
558 3950 614 3989 non
631 3933 731 3990 debet“
749 3940 801 3990 etc.

240 4028 272 4095 ιθ)
290 4027 331 4082 ct.
349 4028 385 4084 da
403 4044 436 4084 eo
453 4029 634 4084 Tmnnoscm
650 4027 667 4079 l.
686 4043 709 4083 c.
727 4029 752 4095 ξ.
770 4031 811 4082 tt.
829 4042 856 4096 p.
877 4034 1018 4083 rto-147.

241 4121 270 4189 ¹¹)
287 4121 395 4177 Utimur
411 4121 530 4177 editione
549 4135 618 4190 quae
637 4119 893 4189 prodiitAugustae
911 4127 1067 4177 eunomii.
1086 4123 1113 4176 in
1123 4122 1180 4186 fol,
1207 4137 1273 4191 per-

155 4214 251 4271 mutus
268 4214 406 4270 erroribus
424 4214 628 4286 typothetarum
646 4213 753 4270 referta.
