2940 4808
1260 54 1265 90 .’
1311 50 1336 98 y,

1265 136 1311 315 ,s

470 327 605 382 oannis
624 327 842 382 monsaonm
859 328 906 382 111.
1024 362 1028 368 -
1193 272 1282 412 141²!

150 974 200 1039 IN
222 974 359 1040 CALCE
383 975 498 1040 LIBRI
519 975 752 1043 ADJIOIUNT
770 975 966 1057 CODICES,
985 975 1046 1040 ET
1068 976 1237 1056 QUIDEM
1311 988 1313 995 ’

99 1212 106 1227 .
215 1127 253 1193 A.
277 1127 484 1212 „Explicit
505 1129 741 1194 monarchia
771 1127 963 1209 alligerii
987 1127 1251 1194 celeberrimi
1311 1157 1313 1166 ¹

299 1233 419 1314 poete
441 1229 688 1296 t'lorentini.“

216 1332 251 1396 F.
275 1331 438 1415 „Explicit
465 1331 650 1398 Monarchia
678 1333 794 1398 Dantis
822 1332 980 1416 Aldigerii
1009 1331 1180 1398 Christiani
1209 1332 1250 1398 de

299 1432 493 1500 Florentia.“
919 1479 922 1487 .

215 1533 249 1586 H.
354 1532 394 1597 „0
413 1549 460 1586 rex
477 1549 494 1586 o
513 1533 616 1590 summi.
636 1536 666 1586 tu
684 1533 814 1602 principis
832 1533 911 1587 unice
931 1533 979 1586 fili.

353 1618 468 1686 Respice
485 1617 610 1684 gratuite.
629 1618 813 1672 monarchiam
831 1624 912 1685 atque
929 1617 1112 1672 monarcham.

351 1703 489 1756 Summum
506 1703 566 1757 dico
582 1703 743 1771 praesulem.
763 1718 987 1769 romanorumque
1005 1702 1205 1770 Imperatorem.

351 1787 392 1840 Ac
410 1787 488 1840 simul
505 1787 641 1842 lectorem.
661 1787 794 1840 albertum
811 1787 917 1840 nomine
935 1786 1042 1839 dictum.

350 1871 451 1926 Ultimo
470 1872 637 1940 scriptorem.
657 1871 795 1925 henricum
813 1871 902 1938 operis
920 1871 1010 1940 hujus.

351 1956 400 2010 Cui
418 1973 466 2026 pro
485 1957 607 2011 mercede
626 1957 673 2011 des
690 1961 781 2010 tecum
797 1954 895 2024 gaudia
912 1961 1000 2011 vere.“

215 2042 249 2107 L.
273 2043 392 2125 „Finis
427 2043 604 2110 Clarissimi
625 2045 723 2109 Poete
744 2043 860 2107 Dantis
888 2042 1054 2126 Alingheri
1074 2041 1251 2109 Florentini

300 2164 423 2235 summa
443 2146 645 2229 Monarchia,
669 2143 831 2230 explicit.“

214 2246 256 2310 M.
280 2236 371 2328 „Deo
394 2248 522 2328 gratias.
567 2247 723 2313 Antonius
750 2245 936 2312 Sinibaldus'
961 2245 1144 2312 florentinus
1172 2242 1249 2311 fide-

300 2347 372 2413 liter
400 2349 598 2434 transcripsit
630 2349 673 2414 ad
700 2349 885 2413 instantiam
912 2348 990 2413 Neri
1019 2347 1059 2415 de
1088 2345 1249 2433 Oapponis

300 2449 512 2532 Negociatore
535 2449 750 2517 Clarissimo.“
1287 2455 1291 2460 ’

214 2552 249 2617 Ρ.
273 2552 409 2634 „Dantis
425 2553 579 2633 Allogerii
593 2552 770 2618 Florentini
785 2552 969 2619 Monarchie
991 2547 1251 2635 lihe1·explicit.“

216 2653 251 2719 V.
275 2653 438 2738 „Explicit
458 2653 642 2719 monarchia
665 2652 770 2718 dantis
793 2654 939 2739 alicherij
964 2654 1004 2719 de
1026 2649 1200 2719 florentia.“
