2940 4808
149 306 199 361 XL
568 303 850 361 PROLEGOMENA.

150 479 324 551 illustrium
348 477 537 550 allomanis
565 489 822 577 perpetratorum
839 477 1041 549 enumeratio
1069 478 1101 548 in
1126 479 1273 551 secundo

151 605 356 677 Monarchiae
383 604 464 676 libro
492 602 574 704 (cap.
599 604 645 706 5),
672 609 704 678 in
729 605 881 677 Convivio
909 600 974 703 (lv.
1000 601 1036 703 5)
1063 605 1153 676 etin
1182 617 1275 677 sexto

151 732 294 804 Paradisi
331 741 437 803 cantu.
502 732 575 804 lluo
618 734 704 804 enim
743 732 905 828 praeclara
939 731 1066 803 virtutis
1105 731 1275 805 Romanae

152 860 314 955 exempla,
348 858 474 950 Manlii,
507 871 601 955 puta,
635 860 807 955 Torquati,
840 859 1009 954 proprium
1037 859 1140 931 lilium
1169 860 1273 956 capite

153 987 347 1077 damnantiS,
373 998 405 1057 et
430 986 537 1080 Magni
563 986 719 1083 Pompeji,
746 986 908 1078 Faesulas,
934 996 968 1057 ut
995 986 1190 1077 tradebatur,
1218 988 1276 1060 oh·

152 1114 296 1204 sidentis,
323 1137 403 1209 quae
430 1114 552 1185 auctori
579 1114 802 1185 Monarchiam
829 1113 993 1203 scribenti,
1019 1123 1055 1184 ut
1076 1113 1213 1205 videtur,
1239 1115 1272 1185 in

153 1252 295 1312 mentem
322 1240 469 1311 nondum
485 1251 649 1330 venerant,
664 1263 824 1335 peraeque
846 1251 912 1310 tam
940 1241 972 1311 in
993 1238 1146 1310 Convivio
1175 1264 1272 1335 quam

152 1370 184 1440 in
212 1367 388 1438 Comoedia
414 1365 629 1440 adducuntur.

237 1495 334 1566 Post
351 1472 431 1584 lites,
443 1503 530 1564 tanto
546 1494 732 1564 animorum
746 1493 861 1564 ardore
876 1493 960 1564 inter
975 1492 1180 1565 Bonilacium
1192 1493 1272 1564 Vlll.

152 1632 184 1693 et
210 1621 392 1718 Philippum
421 1621 597 1693 Pulchrum
631 1621 780 1715 agitatas,
814 1620 923 1691 minus
955 1629 1058 1710 recte,
1093 1621 1202 1692 statim
1239 1623 1272 1692 in

152 1749 311 1845 principio
332 1749 457 1843 operis,
482 1747 604 1818 Dantes
623 1747 828 1843 quaestiones
847 1772 863 1816 a
891 1771 926 1817 se
953 1748 1183 1819 examinandas
1201 1749 1272 1839 „in-

153 1885 288 1948 tentatas
306 1875 345 1946 ah
363 1875 454 1946 aliis“
472 1886 503 1945 et
521 1875 616 1972 paulo
642 1886 715 1971 post
738 1876 798 1966 „ah
821 1875 974 1946 omnibus
998 1877 1191 1946 intentatas“
1217 1901 1274 1947 ne·

152 1982 214 2100 que
232 2027 300 2095 „se
324 2004 502 2099 primum
526 2002 564 2072 ad
585 2005 663 2075 tanti
682 2003 781 2102 bracii
801 2003 963 2098 palmam“
981 2002 1144 2098 adspirare
1164 2002 1273 2074 dicere

152 2131 319 2228 potuisset.
379 2129 445 2201 lam
489 2154 526 2201 eo
568 2130 655 2200 enirn
696 2139 860 2225 tempore,
900 2152 1074 2225 quemnam
1102 2130 1270 2203 ambitum

153 2259 308 2330 haherent
333 2257 538 2328 Monarchiae
571 2258 761 2347 saecularis,
788 2268 820 2326 et
846 2280 943 2352 quem
971 2256 1158 2327 Pontificiae
1185 2258 1273 2330 sedis

149 2383 221 2479 jura
248 2385 332 2455 inter
357 2384 532 2479 scriptores
559 2385 675 2454 acriter
702 2382 933 2478 disputabatur,
960 2383 999 2454 de
1026 2408 1166 2479 quorum
1195 2410 1275 2477 uno,

152 2511 344 2605 Aegialia,
371 2518 457 2606 puta,
482 2507 682 2600 Romano,
708 2534 805 2605 supra
831 2535 863 2606 p.
881 2509 982 2581 XXVI
1009 2511 1160 2584 diximus.
1206 2514 1272 2585 nd-

153 2641 270 2711 dantur
302 2647 450 2709 auctores
493 2635 669 2731 synchroni
705 2635 937 2709 Guilelmus
972 2637 1018 2707 de
1052 2636 1273 2740 oetampss)

152 2767 363 2837 lohannes
407 2765 453 2837 de
496 2758 733 2862 Parisiis³⁹)
780 2772 812 2834 et
863 2763 1148 2858 Engelhertus
1192 2768 1272 2838 Ad·

39 2877 40 2881 Ἰ
153 2889 460 2989 11101111ηεί140)
509 2890 608 2962 Recte
631 2890 729 2986 igitur
746 2891 1047 2985 argumentabimur
1081 2904 1272 2986 asserentes,

152 3043 233 3116 opus
261 3028 409 3089 nostrum
444 3029 517 3089 ante
553 3029 701 3114 tempora
728 3018 1007 3089 concertationum
1043 3018 1171 3092 illarum
1201 3045 1271 3093 esse

152 3142 439 3244 compositum.4¹)

235 3364 264 3426 ³⁸>
283 3361 374 3416 Sanora
397 3360 576 3426 spernamus,
604 3358 715 3428 Sylloge
738 3359 838 3413 Hister.
863 3359 943 3414 Polit.
962 3361 1027 3416 eccl.
1045 3359 1096 3413 Ed.
1115 3359 1179 3413 anni
1200 3365 1270 3415 1618.

151 3455 183 3510 P.
193 3459 300 3509 ’15-80,
337 3451 699 3519 60111181,Μο1111111118.
717 3452 797 3507 Rom.
826 3452 894 3520 Imp.
913 3452 933 3506 1.
955 3458 995 3508 13.
1013 3458 1041 3507 et
1058 3453 1091 3507 II.
1111 3458 1168 3508 398.

237 3550 265 3614 ³⁹)
285 3548 453 3603 Senianum
470 3546 486 3599 l.
506 3562 529 3600 o.
546 3561 573 3613 p.
594 3550 734 3600 113-154.
773 3535 919 3601 Gonnnsr.
936 3547 953 3602 1.
973 3562 995 3600 c.
1014 3547 1035 3599 Ι.
1056 3551 1111 3601 118.

235 3644 266 3705 ⁴⁰)
285 3640 413 3704 Caunus,
431 3639 473 3693 De
493 3638 566 3706 Orig.
584 3653 759 3708 progressuq.
777 3639 857 3694 Rom.
874 3641 941 3709 Imp.
965 3656 991 3708 p.
1012 3643 1103 3693 1-91.

235 3739 265 3798 ⁴¹)
283 3734 333 3788 Vir
343 3733 416 3788 doct.
427 3733 684 3795 Dnmcuswnmua,
700 3732 735 3786 de
754 3748 807 3802 qno
825 3731 895 3787 infra
903 3748 930 3800 p.
940 3731 1030 3786 XLIX
1047 3731 1178 3798 dicemus,
1187 3732 1270 3787 hosce

151 3832 293 3892 tractatus,
309 3826 372 3881 licet
387 3827 445 3898 jam
461 3826 489 3879 in
507 3826 594 3879 lucem
614 3825 736 3891 emissos,
754 3827 870 3881 Dantem
883 3827 980 3880 merito
999 3823 1107 3879 silentio
1124 3824 1271 3891 praeterire

151 3922 272 3988 potuisse
281 3926 368 3988 putat,
384 3935 467 3989 quum
477 3934 530 3973 uon
547 3918 582 3972 de
591 3920 803 3987 praeeminentia
813 3918 904 3986 Papae
922 3919 966 3973 vel
975 3917 1158 3987 Imperatoris,
1176 3918 1224 3987 qni
1241 3932 1270 3972 se

153 4014 225 4068 orbis
243 4019 374 4068 terrarum
399 4013 572 4068 monarcham
596 4012 713 4078 dicebat,
733 4012 834 4066 cedde
857 4026 890 4067 ea
914 4012 1073 4081 quaestione
1091 4010 1270 4078 disputarent,

152 4123 215 4161 unm
225 4105 356 4174 Princeps
365 4107 490 4174 specialis
506 4107 648 4177 cujusdam
668 4105 752 4174 regni,
772 4105 875 4160 Galliae
892 4110 967 4173 puta,
986 4104 1175 4160 auctoritatem
1194 4120 1270 4160 suam

152 4192 319 4253 aPontifiee
335 4198 460 4253 Romano
486 4200 631 4269 repetierit.
677 4200 732 4254 Sed
758 4204 919 4267 argumenta
936 4200 971 4255 ab
989 4200 1042 4255 illis
1065 4214 1115 4268 pro
1143 4198 1271 4268 Philippo
