<?xml version="1.0" encoding="UTF-8"?>
<!DOCTYPE html PUBLIC "-//W3C//DTD XHTML 1.0 Transitional//EN"
    "http://www.w3.org/TR/xhtml1/DTD/xhtml1-transitional.dtd">
<html xmlns="http://www.w3.org/1999/xhtml" xml:lang="en" lang="en">
 <head>
  <title>
</title>
<meta http-equiv="Content-Type" content="text/html;charset=utf-8" />
  <meta name='ocr-system' content='tesseract 3.04.00' />
  <meta name='ocr-capabilities' content='ocr_page ocr_carea ocr_par ocr_line ocrx_word'/>
</head>
<body>
  <div class='ocr_page' id='page_1' title='image "./dantisalligheri00wittgoog_0114.png"; bbox 0 0 2940 4808; ppageno 0'>
   <div class='ocr_carea' id='block_1_1' title="bbox 356 335 1268 434">
    <p class='ocr_par' dir='ltr' id='par_1_1' title="bbox 356 335 1268 434">
     <span class='ocr_line' id='line_1_1' title="bbox 356 335 1268 434; baseline 0.004 -44"><span class='ocrx_word' id='word_1_1' title='bbox 356 335 492 391; x_wconf 84' lang='lat' dir='ltr'>DANTIS</span> <span class='ocrx_word' id='word_1_2' title='bbox 510 335 732 395; x_wconf 83' lang='lat' dir='ltr'><strong>MONARCHIA</strong></span> <span class='ocrx_word' id='word_1_3' title='bbox 749 337 770 389; x_wconf 94' lang='grc' dir='ltr'>Ι.</span> <span class='ocrx_word' id='word_1_4' title='bbox 791 336 819 391; x_wconf 82' lang='lat' dir='ltr'>G.</span> <span class='ocrx_word' id='word_1_5' title='bbox 841 341 880 390; x_wconf 81' lang='lat'><strong>11.</strong></span> <span class='ocrx_word' id='word_1_6' title='bbox 900 341 963 404; x_wconf 83' lang='lat'><strong>(13),</strong></span> <span class='ocrx_word' id='word_1_7' title='bbox 984 341 1022 391; x_wconf 80' lang='lat'>12.</span> <span class='ocrx_word' id='word_1_8' title='bbox 1047 340 1109 434; x_wconf 60' lang='lat' dir='ltr'><strong>(itt).</strong></span> <span class='ocrx_word' id='word_1_9' title='bbox 1230 335 1268 394; x_wconf 80' lang='lat'>21</span> 
     </span>
    </p>
   </div>
   <div class='ocr_carea' id='block_1_2' title="bbox 150 508 1345 1898">
    <p class='ocr_par' dir='ltr' id='par_1_2' title="bbox 150 508 1323 1303">
     <span class='ocr_line' id='line_1_2' title="bbox 234 508 1272 592; baseline 0 -17"><span class='ocrx_word' id='word_1_10' title='bbox 234 511 420 592; x_wconf 84' lang='lat' dir='ltr'>Praeterea,</span> <span class='ocrx_word' id='word_1_11' title='bbox 451 514 567 590; x_wconf 85' lang='lat' dir='ltr'>quanto</span> <span class='ocrx_word' id='word_1_12' title='bbox 597 527 694 574; x_wconf 90' lang='lat' dir='ltr'>causa</span> <span class='ocrx_word' id='word_1_13' title='bbox 722 514 770 576; x_wconf 97' lang='grc' dir='ltr'>θεῖ</span> <span class='ocrx_word' id='word_1_14' title='bbox 798 508 1022 592; x_wconf 81' lang='lat' dir='ltr'>universalior,</span> <span class='ocrx_word' id='word_1_15' title='bbox 1052 515 1140 574; x_wconf 89' lang='lat' dir='ltr'>tanto</span> <span class='ocrx_word' id='word_1_16' title='bbox 1169 509 1272 591; x_wconf 82' lang='lat' dir='ltr'>magis</span> 
     </span>
     <span class='ocr_line' id='line_1_3' title="bbox 150 609 1273 696; baseline -0.002 -20"><span class='ocrx_word' id='word_1_17' title='bbox 150 611 250 678; x_wconf 88' lang='lat' dir='ltr'>habet</span> <span class='ocrx_word' id='word_1_18' title='bbox 270 610 425 677; x_wconf 88' lang='lat' dir='ltr'>rationem</span> <span class='ocrx_word' id='word_1_19' title='bbox 449 629 579 693; x_wconf 85' lang='lat' dir='ltr'>causae,</span> <span class='ocrx_word' id='word_1_20' title='bbox 604 612 679 691; x_wconf 87' lang='lat' dir='ltr'>quia</span> <span class='ocrx_word' id='word_1_21' title='bbox 699 609 828 676; x_wconf 90' lang='lat' dir='ltr'>inferior</span> <span class='ocrx_word' id='word_1_22' title='bbox 849 631 912 676; x_wconf 92' lang='lat' dir='ltr'>non</span> <span class='ocrx_word' id='word_1_23' title='bbox 935 616 983 676; x_wconf 92' lang='lat' dir='ltr'>est</span> <span class='ocrx_word' id='word_1_24' title='bbox 1006 630 1109 694; x_wconf 85' lang='lat' dir='ltr'>causa,</span> <span class='ocrx_word' id='word_1_25' title='bbox 1132 610 1194 676; x_wconf 92' lang='lat' dir='ltr'>nisi</span> <span class='ocrx_word' id='word_1_26' title='bbox 1214 631 1273 696; x_wconf 91' lang='lat' dir='ltr'>per</span> 
     </span>
     <span class='ocr_line' id='line_1_4' title="bbox 151 712 1272 797; baseline -0.001 -19"><span class='ocrx_word' id='word_1_27' title='bbox 151 712 355 797; x_wconf 83' lang='lat' dir='ltr'>superiorem,</span> <span class='ocrx_word' id='word_1_28' title='bbox 378 717 413 775; x_wconf 93' lang='lat' dir='ltr'>ut</span> <span class='ocrx_word' id='word_1_29' title='bbox 433 717 523 795; x_wconf 88' lang='lat' dir='ltr'>patet</span> <span class='ocrx_word' id='word_1_30' title='bbox 546 733 586 778; x_wconf 82' lang='lat' dir='ltr'>ex</span> <span class='ocrx_word' id='word_1_31' title='bbox 607 712 647 777; x_wconf 92' lang='lat' dir='ltr'>iis</span> <span class='ocrx_word' id='word_1_32' title='bbox 671 732 752 794; x_wconf 92' lang='lat' dir='ltr'>quae</span> <span class='ocrx_word' id='word_1_33' title='bbox 776 713 815 779; x_wconf 88' lang='lat' dir='ltr'>de</span> <span class='ocrx_word' id='word_1_34' title='bbox 838 713 965 796; x_wconf 80' lang='lat' dir='ltr'>Gausis3</span> <span class='ocrx_word' id='word_1_35' title='bbox 990 719 1022 779; x_wconf 90' lang='lat' dir='ltr'>et</span> <span class='ocrx_word' id='word_1_36' title='bbox 1037 719 1154 793; x_wconf 92' lang='lat' dir='ltr'>quanto</span> <span class='ocrx_word' id='word_1_37' title='bbox 1169 712 1272 794; x_wconf 81' lang='lat' dir='ltr'>magis</span> 
     </span>
     <span class='ocr_line' id='line_1_5' title="bbox 152 807 1323 898; baseline 0 -18"><span class='ocrx_word' id='word_1_38' title='bbox 152 807 319 880; x_wconf 87' lang='lat' dir='ltr'>causaest</span> <span class='ocrx_word' id='word_1_39' title='bbox 342 831 452 897; x_wconf 84' lang='lat' dir='ltr'>causa,</span> <span class='ocrx_word' id='word_1_40' title='bbox 482 818 570 879; x_wconf 90' lang='lat' dir='ltr'>tanto</span> <span class='ocrx_word' id='word_1_41' title='bbox 593 815 695 895; x_wconf 77' lang='lat' dir='ltr'>magis</span> <span class='ocrx_word' id='word_1_42' title='bbox 718 814 865 880; x_wconf 88' lang='lat' dir='ltr'>effectum</span> <span class='ocrx_word' id='word_1_43' title='bbox 888 813 1001 898; x_wconf 85' lang='lat' dir='ltr'>diligit,</span> <span class='ocrx_word' id='word_1_44' title='bbox 1026 833 1122 896; x_wconf 92' lang='lat' dir='ltr'>quum</span> <span class='ocrx_word' id='word_1_45' title='bbox 1144 814 1271 882; x_wconf 89' lang='lat' dir='ltr'>dilectio</span> <span class='ocrx_word' id='word_1_46' title='bbox 1290 819 1323 870; x_wconf 80' lang='lat'>90</span> 
     </span>
     <span class='ocr_line' id='line_1_6' title="bbox 151 913 1273 1000; baseline -0.001 -20"><span class='ocrx_word' id='word_1_47' title='bbox 151 915 226 980; x_wconf 88' lang='lat' dir='ltr'>talis</span> <span class='ocrx_word' id='word_1_48' title='bbox 249 913 444 995; x_wconf 89' lang='lat' dir='ltr'>adsequatur</span> <span class='ocrx_word' id='word_1_49' title='bbox 466 934 594 980; x_wconf 83' lang='lat' dir='ltr'>oausam</span> <span class='ocrx_word' id='word_1_50' title='bbox 623 936 680 1000; x_wconf 95' lang='lat' dir='ltr'>per</span> <span class='ocrx_word' id='word_1_51' title='bbox 708 935 750 982; x_wconf 92' lang='lat' dir='ltr'>se.</span> <span class='ocrx_word' id='word_1_52' title='bbox 794 917 899 994; x_wconf 82' lang='lat' dir='ltr'>Quum</span> <span class='ocrx_word' id='word_1_53' title='bbox 928 935 1003 998; x_wconf 81' lang='lat' dir='ltr'>ergo</span> <span class='ocrx_word' id='word_1_54' title='bbox 1032 916 1204 981; x_wconf 89' lang='lat' dir='ltr'>Monarcha</span> <span class='ocrx_word' id='word_1_55' title='bbox 1232 914 1273 981; x_wconf 91' lang='lat' dir='ltr'>sit</span> 
     </span>
     <span class='ocr_line' id='line_1_7' title="bbox 151 1016 1272 1101; baseline -0.001 -20"><span class='ocrx_word' id='word_1_56' title='bbox 151 1016 424 1083; x_wconf 78' lang='lat' dir='ltr'>universalissima</span> <span class='ocrx_word' id='word_1_57' title='bbox 446 1036 543 1082; x_wconf 88' lang='lat' dir='ltr'>causa</span> <span class='ocrx_word' id='word_1_58' title='bbox 556 1017 638 1082; x_wconf 92' lang='lat' dir='ltr'>inter</span> <span class='ocrx_word' id='word_1_59' title='bbox 659 1017 818 1101; x_wconf 68' lang='lat' dir='ltr'>mortales,</span> <span class='ocrx_word' id='word_1_60' title='bbox 841 1024 876 1081; x_wconf 91' lang='lat' dir='ltr'>ut</span> <span class='ocrx_word' id='word_1_61' title='bbox 889 1017 1035 1083; x_wconf 90' lang='lat' dir='ltr'>homines</span> <span class='ocrx_word' id='word_1_62' title='bbox 1053 1017 1135 1083; x_wconf 87' lang='lat' dir='ltr'>bene</span> <span class='ocrx_word' id='word_1_63' title='bbox 1153 1016 1272 1099; x_wconf 71' lang='lat' dir='ltr'>vivant,</span> 
     </span>
     <span class='ocr_line' id='line_1_8' title="bbox 153 1117 1272 1203; baseline -0.002 -21"><span class='ocrx_word' id='word_1_64' title='bbox 153 1119 228 1200; x_wconf 89' lang='lat' dir='ltr'>quia</span> <span class='ocrx_word' id='word_1_65' title='bbox 250 1117 410 1203; x_wconf 80' lang='lat' dir='ltr'>principes</span> <span class='ocrx_word' id='word_1_66' title='bbox 433 1117 488 1182; x_wconf 90' lang='lat' dir='ltr'>alii</span> <span class='ocrx_word' id='word_1_67' title='bbox 509 1137 568 1200; x_wconf 89' lang='lat' dir='ltr'>per</span> <span class='ocrx_word' id='word_1_68' title='bbox 588 1118 688 1201; x_wconf 83' lang='lat' dir='ltr'>illum,</span> <span class='ocrx_word' id='word_1_69' title='bbox 710 1124 745 1182; x_wconf 95' lang='lat' dir='ltr'>ut</span> <span class='ocrx_word' id='word_1_70' title='bbox 768 1118 887 1184; x_wconf 74' lang='lat' dir='ltr'>(lictum</span> <span class='ocrx_word' id='word_1_71' title='bbox 909 1125 971 1203; x_wconf 83' lang='lat' dir='ltr'>est3</span> <span class='ocrx_word' id='word_1_72' title='bbox 996 1137 1192 1199; x_wconf 89' lang='lat' dir='ltr'>consequens</span> <span class='ocrx_word' id='word_1_73' title='bbox 1214 1122 1272 1200; x_wconf 83' lang='lat' dir='ltr'>est,</span> 
     </span>
     <span class='ocr_line' id='line_1_9' title="bbox 154 1219 1033 1303; baseline 0.002 -19"><span class='ocrx_word' id='word_1_74' title='bbox 154 1219 240 1303; x_wconf 88' lang='lat' dir='ltr'>quod</span> <span class='ocrx_word' id='word_1_75' title='bbox 262 1220 379 1286; x_wconf 92' lang='lat' dir='ltr'>bonum</span> <span class='ocrx_word' id='word_1_76' title='bbox 401 1219 564 1285; x_wconf 92' lang='lat' dir='ltr'>hominum</span> <span class='ocrx_word' id='word_1_77' title='bbox 587 1220 628 1283; x_wconf 89' lang='lat' dir='ltr'>ab</span> <span class='ocrx_word' id='word_1_78' title='bbox 651 1240 689 1286; x_wconf 91' lang='lat' dir='ltr'>eo</span> <span class='ocrx_word' id='word_1_79' title='bbox 711 1220 851 1286; x_wconf 86' lang='lat' dir='ltr'>maxime</span> <span class='ocrx_word' id='word_1_80' title='bbox 874 1219 1033 1301; x_wconf 80' lang='lat' dir='ltr'>diligatur.</span> 
     </span>
    </p>

    <p class='ocr_par' dir='ltr' id='par_1_3' title="bbox 152 1310 1327 1609">
     <span class='ocr_line' id='line_1_10' title="bbox 239 1310 1327 1405; baseline -0.006 -21"><span class='ocrx_word' id='word_1_81' title='bbox 239 1320 333 1401; x_wconf 78' lang='lat' dir='ltr'>Quod</span> <span class='ocrx_word' id='word_1_82' title='bbox 355 1328 463 1388; x_wconf 88' lang='lat' dir='ltr'>autem</span> <span class='ocrx_word' id='word_1_83' title='bbox 484 1310 657 1386; x_wconf 89' lang='lat' dir='ltr'>Monareha</span> <span class='ocrx_word' id='word_1_84' title='bbox 678 1322 843 1405; x_wconf 82' lang='lat' dir='ltr'>potissime</span> <span class='ocrx_word' id='word_1_85' title='bbox 865 1341 900 1387; x_wconf 93' lang='lat' dir='ltr'>se</span> <span class='ocrx_word' id='word_1_86' title='bbox 922 1322 1040 1389; x_wconf 89' lang='lat' dir='ltr'>habeat</span> <span class='ocrx_word' id='word_1_87' title='bbox 1061 1320 1104 1385; x_wconf 90' lang='lat' dir='ltr'>ad</span> <span class='ocrx_word' id='word_1_88' title='bbox 1133 1339 1271 1405; x_wconf 88' lang='lat' dir='ltr'>opera·</span> <span class='ocrx_word' id='word_1_89' title='bbox 1291 1327 1327 1379; x_wconf 75' lang='lat' dir='ltr'>aa</span> 
     </span>
     <span class='ocr_line' id='line_1_11' title="bbox 152 1421 1275 1505; baseline -0.002 -18"><span class='ocrx_word' id='word_1_90' title='bbox 152 1423 302 1490; x_wconf 91' lang='lat' dir='ltr'>tionem</span> <span class='ocrx_word' id='word_1_91' title='bbox 331 1421 486 1505; x_wconf 86' lang='lat' dir='ltr'>iustitiae,</span> <span class='ocrx_word' id='word_1_92' title='bbox 517 1422 587 1502; x_wconf 90' lang='lat' dir='ltr'>quis</span> <span class='ocrx_word' id='word_1_93' title='bbox 616 1422 763 1487; x_wconf 77' lang='lat' dir='ltr'>dubitat?</span> <span class='ocrx_word' id='word_1_94' title='bbox 791 1423 853 1488; x_wconf 92' lang='lat' dir='ltr'>nisi</span> <span class='ocrx_word' id='word_1_95' title='bbox 882 1424 936 1505; x_wconf 93' lang='lat' dir='ltr'>qui</span> <span class='ocrx_word' id='word_1_96' title='bbox 964 1443 1075 1489; x_wconf 88' lang='lat' dir='ltr'>vocem</span> <span class='ocrx_word' id='word_1_97' title='bbox 1103 1422 1185 1486; x_wconf 90' lang='lat' dir='ltr'>hanc</span> <span class='ocrx_word' id='word_1_98' title='bbox 1211 1442 1275 1487; x_wconf 90' lang='lat' dir='ltr'>non</span> 
     </span>
     <span class='ocr_line' id='line_1_12' title="bbox 153 1523 1278 1609; baseline 0 -19"><span class='ocrx_word' id='word_1_99' title='bbox 153 1525 318 1608; x_wconf 78' lang='lat' dir='ltr'>intelligit,</span> <span class='ocrx_word' id='word_1_100' title='bbox 348 1544 445 1607; x_wconf 90' lang='lat' dir='ltr'>quum</span> <span class='ocrx_word' id='word_1_101' title='bbox 468 1524 496 1589; x_wconf 90' lang='lat' dir='ltr'>si</span> <span class='ocrx_word' id='word_1_102' title='bbox 516 1523 690 1590; x_wconf 91' lang='lat' dir='ltr'>Monarcha</span> <span class='ocrx_word' id='word_1_103' title='bbox 712 1531 774 1609; x_wconf 81' lang='lat' dir='ltr'>est,</span> <span class='ocrx_word' id='word_1_104' title='bbox 805 1525 913 1592; x_wconf 90' lang='lat' dir='ltr'>hostes</span> <span class='ocrx_word' id='word_1_105' title='bbox 935 1525 1055 1590; x_wconf 90' lang='lat' dir='ltr'>habere</span> <span class='ocrx_word' id='word_1_106' title='bbox 1076 1543 1140 1588; x_wconf 93' lang='lat' dir='ltr'>non</span> <span class='ocrx_word' id='word_1_107' title='bbox 1161 1523 1278 1607; x_wconf 85' lang='lat' dir='ltr'>possit..</span> 
     </span>
    </p>

    <p class='ocr_par' dir='ltr' id='par_1_4' title="bbox 153 1624 1345 1898">
     <span class='ocr_line' id='line_1_13' title="bbox 239 1624 1277 1711; baseline -0.005 -18"><span class='ocrx_word' id='word_1_108' title='bbox 239 1627 325 1694; x_wconf 85' lang='lat' dir='ltr'>Satis</span> <span class='ocrx_word' id='word_1_109' title='bbox 346 1626 443 1709; x_wconf 86' lang='lat' dir='ltr'>igitur</span> <span class='ocrx_word' id='word_1_110' title='bbox 465 1625 628 1692; x_wconf 84' lang='lat' dir='ltr'>declarata</span> <span class='ocrx_word' id='word_1_111' title='bbox 650 1625 881 1711; x_wconf 88' lang='lat' dir='ltr'>subadsumpta</span> <span class='ocrx_word' id='word_1_112' title='bbox 896 1625 1073 1711; x_wconf 84' lang='lat' dir='ltr'>principali,</span> <span class='ocrx_word' id='word_1_113' title='bbox 1096 1631 1186 1709; x_wconf 91' lang='lat' dir='ltr'>patet</span> <span class='ocrx_word' id='word_1_114' title='bbox 1200 1624 1277 1707; x_wconf 87' lang='lat' dir='ltr'>quia·</span> 
     </span>
     <span class='ocr_line' id='line_1_14' title="bbox 154 1726 1281 1813; baseline -0.003 -19"><span class='ocrx_word' id='word_1_115' title='bbox 154 1728 314 1794; x_wconf 79' lang='lat' dir='ltr'>conclusio</span> <span class='ocrx_word' id='word_1_116' title='bbox 338 1735 425 1794; x_wconf 86' lang='lat' dir='ltr'>oe1ta</span> <span class='ocrx_word' id='word_1_117' title='bbox 447 1733 508 1794; x_wconf 88' lang='lat' dir='ltr'>est:</span> <span class='ocrx_word' id='word_1_118' title='bbox 538 1727 658 1794; x_wconf 87' lang='lat' dir='ltr'>scilicet</span> <span class='ocrx_word' id='word_1_119' title='bbox 688 1727 774 1809; x_wconf 88' lang='lat' dir='ltr'>quod</span> <span class='ocrx_word' id='word_1_120' title='bbox 796 1726 839 1791; x_wconf 87' lang='lat' dir='ltr'>ad</span> <span class='ocrx_word' id='word_1_121' title='bbox 861 1729 1013 1813; x_wconf 90' lang='lat' dir='ltr'>optimam</span> <span class='ocrx_word' id='word_1_122' title='bbox 1036 1726 1281 1811; x_wconf 77' lang='lat' dir='ltr'>dispositionem¹</span> 
     </span>
     <span class='ocr_line' id='line_1_15' title="bbox 153 1829 1345 1898; baseline -0.004 -5"><span class='ocrx_word' id='word_1_123' title='bbox 153 1829 264 1894; x_wconf 85' lang='lat' dir='ltr'>mundi</span> <span class='ocrx_word' id='word_1_124' title='bbox 285 1849 416 1897; x_wconf 89' lang='lat' dir='ltr'>necesse</span> <span class='ocrx_word' id='word_1_125' title='bbox 438 1835 486 1898; x_wconf 92' lang='lat' dir='ltr'>est</span> <span class='ocrx_word' id='word_1_126' title='bbox 507 1829 725 1894; x_wconf 90' lang='lat' dir='ltr'>Monarchiam</span> <span class='ocrx_word' id='word_1_127' title='bbox 747 1849 828 1896; x_wconf 91' lang='lat' dir='ltr'>esse.</span> <span class='ocrx_word' id='word_1_128' title='bbox 1295 1834 1345 1888; x_wconf 83' lang='lat'>100</span> 
     </span>
    </p>
   </div>
   <div class='ocr_carea' id='block_1_3' title="bbox 543 1995 885 2082">
    <p class='ocr_par' dir='ltr' id='par_1_5' title="bbox 543 1995 885 2082">
     <span class='ocr_line' id='line_1_16' title="bbox 543 1995 885 2082; baseline 0.006 -18"><span class='ocrx_word' id='word_1_129' title='bbox 543 2003 665 2076; x_wconf 77' lang='lat' dir='ltr'>[onear</span> <span class='ocrx_word' id='word_1_130' title='bbox 686 2019 747 2065; x_wconf 73' lang='grc' dir='ltr'>ΧΠ.</span> <span class='ocrx_word' id='word_1_131' title='bbox 773 1995 885 2082; x_wconf 59' lang='lat' dir='ltr'>(nivii</span> 
     </span>
    </p>
   </div>
   <div class='ocr_carea' id='block_1_4' title="bbox 153 2132 1277 2321">
    <p class='ocr_par' dir='ltr' id='par_1_6' title="bbox 153 2132 1277 2321">
     <span class='ocr_line' id='line_1_17' title="bbox 237 2132 1274 2218; baseline 0.001 -21"><span class='ocrx_word' id='word_1_132' title='bbox 237 2133 280 2199; x_wconf 86' lang='lat' dir='ltr'>Et</span> <span class='ocrx_word' id='word_1_133' title='bbox 300 2134 473 2199; x_wconf 90' lang='lat' dir='ltr'>humanum</span> <span class='ocrx_word' id='word_1_134' title='bbox 494 2151 603 2216; x_wconf 72' lang='lat' dir='ltr'>genus,</span> <span class='ocrx_word' id='word_1_135' title='bbox 627 2134 792 2218; x_wconf 89' lang='lat' dir='ltr'>potissime</span> <span class='ocrx_word' id='word_1_136' title='bbox 814 2134 959 2218; x_wconf 85' lang='lat' dir='ltr'>liberum,</span> <span class='ocrx_word' id='word_1_137' title='bbox 983 2132 1101 2218; x_wconf 92' lang='lat' dir='ltr'>optime</span> <span class='ocrx_word' id='word_1_138' title='bbox 1117 2152 1152 2199; x_wconf 90' lang='lat' dir='ltr'>se</span> <span class='ocrx_word' id='word_1_139' title='bbox 1167 2133 1274 2199; x_wconf 89' lang='lat' dir='ltr'>habet.</span> 
     </span>
     <span class='ocr_line' id='line_1_18' title="bbox 153 2235 1277 2321; baseline -0.001 -21"><span class='ocrx_word' id='word_1_140' title='bbox 153 2235 224 2301; x_wconf 91' lang='lat' dir='ltr'>Hoc</span> <span class='ocrx_word' id='word_1_141' title='bbox 247 2235 307 2302; x_wconf 92' lang='lat' dir='ltr'>erit</span> <span class='ocrx_word' id='word_1_142' title='bbox 328 2235 539 2317; x_wconf 88' lang='lat' dir='ltr'>manifestum,</span> <span class='ocrx_word' id='word_1_143' title='bbox 564 2235 591 2300; x_wconf 90' lang='lat' dir='ltr'>si</span> <span class='ocrx_word' id='word_1_144' title='bbox 605 2236 796 2320; x_wconf 90' lang='lat' dir='ltr'>principium</span> <span class='ocrx_word' id='word_1_145' title='bbox 817 2241 927 2321; x_wconf 88' lang='lat' dir='ltr'>pateat</span> <span class='ocrx_word' id='word_1_146' title='bbox 941 2235 1107 2300; x_wconf 84' lang='lat' dir='ltr'>libertatis.</span> <span class='ocrx_word' id='word_1_147' title='bbox 1142 2235 1277 2319; x_wconf 90' lang='lat' dir='ltr'>Propter</span> 
     </span>
    </p>
   </div>
   <div class='ocr_carea' id='block_1_5' title="bbox 181 2368 1352 3792">
    <p class='ocr_par' dir='ltr' id='par_1_7' title="bbox 181 2368 1352 3792">
     <span class='ocr_line' id='line_1_19' title="bbox 181 2368 1278 2441; baseline -0.001 -19"><span class='ocrx_word' id='word_1_148' title='bbox 181 2369 202 2400; x_wconf 79' lang='lat'>⁹⁷</span> <span class='ocrx_word' id='word_1_149' title='bbox 220 2368 254 2422; x_wconf 85' lang='grc' dir='ltr'>Α.</span> <span class='ocrx_word' id='word_1_150' title='bbox 273 2373 299 2421; x_wconf 91' lang='lat' dir='ltr'>et</span> <span class='ocrx_word' id='word_1_151' title='bbox 309 2369 395 2423; x_wconf 87' lang='lat' dir='ltr'>versio</span> <span class='ocrx_word' id='word_1_152' title='bbox 404 2368 586 2422; x_wconf 89' lang='lat' dir='ltr'>Ficini-alii</span> <span class='ocrx_word' id='word_1_153' title='bbox 595 2385 687 2423; x_wconf 87' lang='lat' dir='ltr'>omnes</span> <span class='ocrx_word' id='word_1_154' title='bbox 766 2370 789 2403; x_wconf 81' lang='lat'>⁹⁵</span> <span class='ocrx_word' id='word_1_155' title='bbox 806 2369 838 2422; x_wconf 82' lang='lat' dir='ltr'>F.</span> <span class='ocrx_word' id='word_1_156' title='bbox 856 2369 890 2423; x_wconf 94' lang='lat' dir='ltr'>H.</span> <span class='ocrx_word' id='word_1_157' title='bbox 915 2368 946 2422; x_wconf 90' lang='lat' dir='ltr'>P.</span> <span class='ocrx_word' id='word_1_158' title='bbox 971 2369 1004 2424; x_wconf 91' lang='lat' dir='ltr'>V.</span> <span class='ocrx_word' id='word_1_159' title='bbox 1035 2368 1223 2441; x_wconf 77' lang='lat' dir='ltr'>potentissime</span> <span class='ocrx_word' id='word_1_160' title='bbox 1248 2383 1278 2421; x_wconf 84' lang='grc' dir='ltr'>εθ</span> 
     </span>
     <span class='ocr_line' id='line_1_20' title="bbox 223 2452 906 2522; baseline 0.001 -16"><span class='ocrx_word' id='word_1_161' title='bbox 223 2457 325 2522; x_wconf 82' lang='lat' dir='ltr'>quanto</span> <span class='ocrx_word' id='word_1_162' title='bbox 343 2470 427 2508; x_wconf 84' lang='lat' dir='ltr'>caasa</span> <span class='ocrx_word' id='word_1_163' title='bbox 445 2458 485 2506; x_wconf 85' lang='lat' dir='ltr'>est</span> <span class='ocrx_word' id='word_1_164' title='bbox 502 2452 605 2519; x_wconf 80' lang='lat' dir='ltr'>utilior,</span> <span class='ocrx_word' id='word_1_165' title='bbox 617 2453 689 2522; x_wconf 89' lang='lat' dir='ltr'>quod</span> <span class='ocrx_word' id='word_1_166' title='bbox 807 2453 906 2509; x_wconf 80' lang='lat' dir='ltr'>habeat</span> 
     </span>
     <span class='ocr_line' id='line_1_21' title="bbox 221 2536 1136 2608; baseline 0 -18"><span class='ocrx_word' id='word_1_167' title='bbox 221 2553 276 2592; x_wconf 91' lang='lat' dir='ltr'>non</span> <span class='ocrx_word' id='word_1_168' title='bbox 289 2537 346 2592; x_wconf 90' lang='lat' dir='ltr'>siue</span> <span class='ocrx_word' id='word_1_169' title='bbox 360 2538 465 2592; x_wconf 88' lang='lat' dir='ltr'>ratione</span> <span class='ocrx_word' id='word_1_170' title='bbox 474 2537 580 2592; x_wconf 85' lang='lat' dir='ltr'>defendi</span> <span class='ocrx_word' id='word_1_171' title='bbox 589 2543 689 2606; x_wconf 87' lang='lat' dir='ltr'>posset.</span> <span class='ocrx_word' id='word_1_172' title='bbox 768 2539 790 2572; x_wconf 78' lang='lat'>⁹⁷</span> <span class='ocrx_word' id='word_1_173' title='bbox 808 2538 840 2592; x_wconf 92' lang='lat' dir='ltr'>F.</span> <span class='ocrx_word' id='word_1_174' title='bbox 860 2541 925 2608; x_wconf 80' lang='lat' dir='ltr'>qaia</span> <span class='ocrx_word' id='word_1_175' title='bbox 942 2539 968 2591; x_wconf 82' lang='lat' dir='ltr'>si</span> <span class='ocrx_word' id='word_1_176' title='bbox 983 2536 1136 2592; x_wconf 76' lang='lat' dir='ltr'>Monarcha</span> 
     </span>
     <span class='ocr_line' id='line_1_22' title="bbox 181 2618 1352 2693; baseline -0.002 -18"><span class='ocrx_word' id='word_1_177' title='bbox 181 2622 205 2655; x_wconf 90' lang='lat'>⁹⁹</span> <span class='ocrx_word' id='word_1_178' title='bbox 221 2621 255 2675; x_wconf 92' lang='lat' dir='ltr'>H.</span> <span class='ocrx_word' id='word_1_179' title='bbox 263 2628 291 2676; x_wconf 89' lang='lat' dir='ltr'>et</span> <span class='ocrx_word' id='word_1_180' title='bbox 298 2622 357 2676; x_wconf 87' lang='lat' dir='ltr'><strong>edd.</strong></span> <span class='ocrx_word' id='word_1_181' title='bbox 369 2639 453 2678; x_wconf 83' lang='lat' dir='ltr'>causo</span> <span class='ocrx_word' id='word_1_182' title='bbox 462 2625 551 2693; x_wconf 75' lang='lat' dir='ltr'>acopis</span> <span class='ocrx_word' id='word_1_183' title='bbox 560 2629 690 2678; x_wconf 82' lang='lat' dir='ltr'>estcoosc</span> <span class='ocrx_word' id='word_1_184' title='bbox 768 2624 791 2656; x_wconf 90' lang='lat'>⁹⁹</span> <span class='ocrx_word' id='word_1_185' title='bbox 807 2623 877 2677; x_wconf 86' lang='lat' dir='ltr'><strong>Edd.</strong></span> <span class='ocrx_word' id='word_1_186' title='bbox 888 2621 1278 2691; x_wconf 81' lang='lat' dir='ltr'>postdccloratainseruntest</span> <span class='ocrx_word' id='word_1_187' title='bbox 1347 2618 1352 2626; x_wconf 91' lang='lat'><em>&#39;</em></span> 
     </span>
     <span class='ocr_line' id='line_1_23' title="bbox 223 2706 1278 2776; baseline -0.002 -16"><span class='ocrx_word' id='word_1_188' title='bbox 223 2736 253 2746; x_wconf 92' lang='lat'><em>-</em></span> <span class='ocrx_word' id='word_1_189' title='bbox 275 2706 365 2761; x_wconf 89' lang='lat' dir='ltr'>Princ.</span> <span class='ocrx_word' id='word_1_190' title='bbox 384 2724 468 2763; x_wconf 81' lang='lat' dir='ltr'>caasa</span> <span class='ocrx_word' id='word_1_191' title='bbox 486 2715 526 2762; x_wconf 81' lang='lat' dir='ltr'>cst</span> <span class='ocrx_word' id='word_1_192' title='bbox 543 2709 632 2776; x_wconf 76' lang='lat' dir='ltr'>mopis</span> <span class='ocrx_word' id='word_1_193' title='bbox 650 2712 691 2760; x_wconf 81' lang='lat' dir='ltr'>cst</span> <span class='ocrx_word' id='word_1_194' title='bbox 825 2708 859 2760; x_wconf 92' lang='lat' dir='ltr'>H.</span> <span class='ocrx_word' id='word_1_195' title='bbox 874 2707 907 2760; x_wconf 93' lang='lat' dir='ltr'>V.</span> <span class='ocrx_word' id='word_1_196' title='bbox 925 2738 960 2747; x_wconf 98' lang='lat'>-</span> <span class='ocrx_word' id='word_1_197' title='bbox 976 2706 1083 2775; x_wconf 89' lang='lat' dir='ltr'>Reliqui</span> <span class='ocrx_word' id='word_1_198' title='bbox 1092 2721 1183 2760; x_wconf 88' lang='lat' dir='ltr'>omnes</span> <span class='ocrx_word' id='word_1_199' title='bbox 1196 2707 1278 2776; x_wconf 65' lang='lat' dir='ltr'>prio-</span> 
     </span>
     <span class='ocr_line' id='line_1_24' title="bbox 225 2793 908 2862; baseline 0.001 -18"><span class='ocrx_word' id='word_1_200' title='bbox 225 2806 309 2845; x_wconf 81' lang='lat' dir='ltr'>caosa</span> <span class='ocrx_word' id='word_1_201' title='bbox 810 2793 908 2862; x_wconf 75' lang='lat' dir='ltr'>erpotis</span> 
     </span>
     <span class='ocr_line' id='line_1_25' title="bbox 181 2874 1278 2942; baseline 0 -14"><span class='ocrx_word' id='word_1_202' title='bbox 181 2875 203 2908; x_wconf 86' lang='lat'>⁹¹</span> <span class='ocrx_word' id='word_1_203' title='bbox 221 2874 291 2928; x_wconf 86' lang='lat' dir='ltr'><strong>Edd.</strong></span> <span class='ocrx_word' id='word_1_204' title='bbox 316 2881 414 2930; x_wconf 87' lang='lat' dir='ltr'>recent.</span> <span class='ocrx_word' id='word_1_205' title='bbox 441 2875 548 2931; x_wconf 79' lang='lat' dir='ltr'>dilectio</span> <span class='ocrx_word' id='word_1_206' title='bbox 574 2875 636 2930; x_wconf 82' lang='grc' dir='ltr'>ῖθῐιέ</span> <span class='ocrx_word' id='word_1_207' title='bbox 651 2891 691 2929; x_wconf 82' lang='lat' dir='ltr'>se·</span> <span class='ocrx_word' id='word_1_208' title='bbox 828 2875 953 2930; x_wconf 86' lang='lat' dir='ltr'>Codicem</span> <span class='ocrx_word' id='word_1_209' title='bbox 976 2875 1010 2928; x_wconf 90' lang='lat' dir='ltr'>H.</span> <span class='ocrx_word' id='word_1_210' title='bbox 1035 2880 1164 2942; x_wconf 87' lang='lat' dir='ltr'>sequutus</span> <span class='ocrx_word' id='word_1_211' title='bbox 1188 2874 1278 2928; x_wconf 87' lang='lat' dir='ltr'>addidi</span> 
     </span>
     <span class='ocr_line' id='line_1_26' title="bbox 225 2958 1277 3030; baseline 0.001 -18"><span class='ocrx_word' id='word_1_212' title='bbox 225 2966 326 3029; x_wconf 70' lang='lat' dir='ltr'>paratur</span> <span class='ocrx_word' id='word_1_213' title='bbox 806 2967 900 3030; x_wconf 82' lang='lat' dir='ltr'>potet,</span> <span class='ocrx_word' id='word_1_214' title='bbox 927 2959 998 3027; x_wconf 87' lang='lat' dir='ltr'>quod</span> <span class='ocrx_word' id='word_1_215' title='bbox 1015 2959 1044 3012; x_wconf 92' lang='lat' dir='ltr'>in</span> <span class='ocrx_word' id='word_1_216' title='bbox 1070 2958 1128 3013; x_wconf 87' lang='lat' dir='ltr'>aliis</span> <span class='ocrx_word' id='word_1_217' title='bbox 1153 2959 1277 3013; x_wconf 87' lang='lat' dir='ltr'>omnibus</span> 
     </span>
     <span class='ocr_line' id='line_1_27' title="bbox 240 3041 998 3116; baseline 0 -18"><span class='ocrx_word' id='word_1_218' title='bbox 240 3045 274 3098; x_wconf 91' lang='lat' dir='ltr'>H.</span> <span class='ocrx_word' id='word_1_219' title='bbox 291 3045 324 3098; x_wconf 88' lang='lat' dir='ltr'>L.</span> <span class='ocrx_word' id='word_1_220' title='bbox 342 3045 373 3098; x_wconf 92' lang='lat' dir='ltr'>P.</span> <span class='ocrx_word' id='word_1_221' title='bbox 391 3043 424 3098; x_wconf 91' lang='lat' dir='ltr'>V.</span> <span class='ocrx_word' id='word_1_222' title='bbox 442 3046 527 3116; x_wconf 76' lang='lat' dir='ltr'>iqitar</span> <span class='ocrx_word' id='word_1_223' title='bbox 539 3041 693 3099; x_wconf 77' lang='lat' dir='ltr'>Monarchc</span> <span class='ocrx_word' id='word_1_224' title='bbox 810 3061 864 3099; x_wconf 89' lang='lat' dir='ltr'>non</span> <span class='ocrx_word' id='word_1_225' title='bbox 882 3044 998 3098; x_wconf 86' lang='lat' dir='ltr'>habetur</span> 
     </span>
     <span class='ocr_line' id='line_1_28' title="bbox 182 3128 1279 3200; baseline 0.001 -17"><span class='ocrx_word' id='word_1_226' title='bbox 182 3129 207 3162; x_wconf 88' lang='grc'>99</span> <span class='ocrx_word' id='word_1_227' title='bbox 224 3131 257 3183; x_wconf 85' lang='lat' dir='ltr'>A.</span> <span class='ocrx_word' id='word_1_228' title='bbox 287 3135 314 3184; x_wconf 90' lang='lat' dir='ltr'>et</span> <span class='ocrx_word' id='word_1_229' title='bbox 340 3144 409 3184; x_wconf 86' lang='lat' dir='ltr'>vers.</span> <span class='ocrx_word' id='word_1_230' title='bbox 436 3129 492 3184; x_wconf 90' lang='lat' dir='ltr'><strong>Fic.</strong></span> <span class='ocrx_word' id='word_1_231' title='bbox 516 3159 549 3169; x_wconf 91' lang='lat'><em>-</em></span> <span class='ocrx_word' id='word_1_232' title='bbox 582 3129 627 3183; x_wconf 84' lang='lat' dir='ltr'>alii</span> <span class='ocrx_word' id='word_1_233' title='bbox 656 3130 692 3183; x_wconf 77' lang='lat' dir='ltr'>sit</span> <span class='ocrx_word' id='word_1_234' title='bbox 826 3130 858 3182; x_wconf 81' lang='lat' dir='ltr'>A.</span> <span class='ocrx_word' id='word_1_235' title='bbox 883 3128 915 3184; x_wconf 89' lang='lat' dir='ltr'><strong>F.</strong></span> <span class='ocrx_word' id='word_1_236' title='bbox 937 3129 968 3182; x_wconf 93' lang='lat' dir='ltr'><strong>P.</strong></span> <span class='ocrx_word' id='word_1_237' title='bbox 994 3131 1026 3195; x_wconf 79' lang='lat' dir='ltr'>(l)</span> <span class='ocrx_word' id='word_1_238' title='bbox 1050 3130 1084 3184; x_wconf 89' lang='lat' dir='ltr'><strong>V.</strong></span> <span class='ocrx_word' id='word_1_239' title='bbox 1106 3146 1193 3200; x_wconf 83' lang='lat' dir='ltr'>quare</span> <span class='ocrx_word' id='word_1_240' title='bbox 1215 3145 1279 3184; x_wconf 82' lang='lat' dir='ltr'>con·</span> 
     </span>
     <span class='ocr_line' id='line_1_29' title="bbox 224 3212 895 3285; baseline -0.001 -17"><span class='ocrx_word' id='word_1_241' title='bbox 224 3214 368 3269; x_wconf 75' lang='lat' dir='ltr'>utilissimo</span> <span class='ocrx_word' id='word_1_242' title='bbox 389 3230 473 3268; x_wconf 83' lang='lat' dir='ltr'>caasa</span> <span class='ocrx_word' id='word_1_243' title='bbox 499 3215 544 3280; x_wconf 81' lang='lat' dir='ltr'><strong>(cl.</strong></span> <span class='ocrx_word' id='word_1_244' title='bbox 563 3229 632 3285; x_wconf 86' lang='lat' dir='ltr'>quac</span> <span class='ocrx_word' id='word_1_245' title='bbox 649 3212 689 3266; x_wconf 83' lang='lat' dir='ltr'>di-</span> <span class='ocrx_word' id='word_1_246' title='bbox 809 3213 895 3269; x_wconf 80' lang='lat' dir='ltr'>clusio</span> 
     </span>
     <span class='ocr_line' id='line_1_30' title="bbox 194 3298 1108 3368; baseline 0 -16"><span class='ocrx_word' id='word_1_247' title='bbox 194 3340 196 3344; x_wconf 87' lang='lat'><strong>.</strong></span> <span class='ocrx_word' id='word_1_248' title='bbox 223 3300 311 3354; x_wconf 88' lang='lat' dir='ltr'>ximus</span> <span class='ocrx_word' id='word_1_249' title='bbox 329 3298 363 3352; x_wconf 89' lang='lat' dir='ltr'>ad</span> <span class='ocrx_word' id='word_1_250' title='bbox 381 3299 428 3352; x_wconf 90' lang='lat' dir='ltr'>lin.</span> <span class='ocrx_word' id='word_1_251' title='bbox 447 3303 497 3355; x_wconf 70' lang='lat' dir='ltr'>Sil</span> <span class='ocrx_word' id='word_1_252' title='bbox 769 3298 792 3331; x_wconf 92' lang='lat'>⁹⁹</span> <span class='ocrx_word' id='word_1_253' title='bbox 809 3298 840 3350; x_wconf 90' lang='lat' dir='ltr'><strong>F.</strong></span> <span class='ocrx_word' id='word_1_254' title='bbox 858 3299 961 3353; x_wconf 80' lang='lat' dir='ltr'>scilicet</span> <span class='ocrx_word' id='word_1_255' title='bbox 977 3307 1108 3368; x_wconf 79' lang='lat' dir='ltr'>quantam</span> 
     </span>
     <span class='ocr_line' id='line_1_31' title="bbox 241 3382 1166 3454; baseline -0.001 -18"><span class='ocrx_word' id='word_1_256' title='bbox 241 3385 274 3436; x_wconf 91' lang='lat' dir='ltr'>A.</span> <span class='ocrx_word' id='word_1_257' title='bbox 292 3399 384 3438; x_wconf 81' lang='lat' dir='ltr'>omnes</span> <span class='ocrx_word' id='word_1_258' title='bbox 402 3384 467 3438; x_wconf 81' lang='lat' dir='ltr'>berre</span> <span class='ocrx_word' id='word_1_259' title='bbox 483 3385 582 3437; x_wconf 80' lang='lat' dir='ltr'>vivant.</span> <span class='ocrx_word' id='word_1_260' title='bbox 825 3382 858 3434; x_wconf 91' lang='lat' dir='ltr'><strong>V.</strong></span> <span class='ocrx_word' id='word_1_261' title='bbox 876 3383 913 3437; x_wconf 71' lang='lat' dir='ltr'>orl</span> <span class='ocrx_word' id='word_1_262' title='bbox 929 3389 1049 3454; x_wconf 81' lang='lat' dir='ltr'>optatam</span> <span class='ocrx_word' id='word_1_263' title='bbox 1067 3383 1166 3454; x_wconf 79' lang='lat' dir='ltr'>dt&#39;spos.</span> 
     </span>
     <span class='ocr_line' id='line_1_32' title="bbox 183 3459 1120 3538; baseline -0.002 -16"><span class='ocrx_word' id='word_1_264' title='bbox 183 3469 207 3502; x_wconf 88' lang='lat'>⁹³</span> <span class='ocrx_word' id='word_1_265' title='bbox 224 3467 292 3522; x_wconf 85' lang='lat' dir='ltr'><strong>Edd.</strong></span> <span class='ocrx_word' id='word_1_266' title='bbox 310 3467 412 3535; x_wconf 86' lang='lat' dir='ltr'>antiqu.</span> <span class='ocrx_word' id='word_1_267' title='bbox 429 3473 456 3521; x_wconf 82' lang='lat' dir='ltr'>et</span> <span class='ocrx_word' id='word_1_268' title='bbox 472 3482 597 3538; x_wconf 79' lang='lat' dir='ltr'>consequ.</span> <span class='ocrx_word' id='word_1_269' title='bbox 735 3459 738 3465; x_wconf 20' lang='grc' dir='ltr'><strong><em>Δ</em></strong></span> <span class='ocrx_word' id='word_1_270' title='bbox 762 3469 796 3501; x_wconf 82' lang='grc'>999</span> <span class='ocrx_word' id='word_1_271' title='bbox 813 3467 845 3520; x_wconf 92' lang='lat' dir='ltr'><strong>F.</strong></span> <span class='ocrx_word' id='word_1_272' title='bbox 866 3466 1044 3522; x_wconf 78' lang='lat' dir='ltr'>Monarcham</span> <span class='ocrx_word' id='word_1_273' title='bbox 1063 3483 1120 3522; x_wconf 80' lang='lat' dir='ltr'>esse</span> 
     </span>
     <span class='ocr_line' id='line_1_33' title="bbox 241 3549 1278 3625; baseline -0.004 -19"><span class='ocrx_word' id='word_1_274' title='bbox 241 3553 279 3606; x_wconf 90' lang='lat' dir='ltr'><strong>M.</strong></span> <span class='ocrx_word' id='word_1_275' title='bbox 298 3554 458 3608; x_wconf 80' lang='lat' dir='ltr'>conveniens</span> <span class='ocrx_word' id='word_1_276' title='bbox 475 3562 521 3607; x_wconf 82' lang='lat' dir='ltr'>cst.</span> <span class='ocrx_word' id='word_1_277' title='bbox 744 3552 809 3621; x_wconf 84' lang='lat' dir='ltr'><strong>Cap.</strong></span> <span class='ocrx_word' id='word_1_278' title='bbox 820 3552 880 3605; x_wconf 90' lang='lat' dir='ltr'><strong>XII.</strong></span> <span class='ocrx_word' id='word_1_279' title='bbox 910 3554 918 3584; x_wconf 90' lang='lat'><strong>¹</strong></span> <span class='ocrx_word' id='word_1_280' title='bbox 936 3553 969 3606; x_wconf 92' lang='lat' dir='ltr'>H.</span> <span class='ocrx_word' id='word_1_281' title='bbox 971 3554 1158 3625; x_wconf 79' lang='lat' dir='ltr'>potentissime</span> <span class='ocrx_word' id='word_1_282' title='bbox 1165 3549 1278 3605; x_wconf 82' lang='lat' dir='ltr'>liberum</span> 
     </span>
     <span class='ocr_line' id='line_1_34' title="bbox 182 3635 1179 3706; baseline -0.003 -15"><span class='ocrx_word' id='word_1_283' title='bbox 182 3638 206 3671; x_wconf 80' lang='lat'>⁹⁹</span> <span class='ocrx_word' id='word_1_284' title='bbox 223 3638 262 3691; x_wconf 90' lang='grc' dir='ltr'>Μ.</span> <span class='ocrx_word' id='word_1_285' title='bbox 281 3644 312 3690; x_wconf 85' lang='lat' dir='ltr'>at</span> <span class='ocrx_word' id='word_1_286' title='bbox 329 3638 426 3692; x_wconf 82' lang='lat' dir='ltr'>bonam</span> <span class='ocrx_word' id='word_1_287' title='bbox 444 3637 543 3692; x_wconf 76' lang='lat' dir='ltr'>homin.</span> <span class='ocrx_word' id='word_1_288' title='bbox 811 3667 845 3676; x_wconf 93' lang='lat'>-</span> <span class='ocrx_word' id='word_1_289' title='bbox 861 3635 930 3694; x_wconf 82' lang='lat' dir='ltr'><strong>uod.</strong></span> <span class='ocrx_word' id='word_1_290' title='bbox 944 3638 1117 3706; x_wconf 81' lang='lat' dir='ltr'>potissimam</span> <span class='ocrx_word' id='word_1_291' title='bbox 1135 3635 1179 3689; x_wconf 83' lang='lat' dir='ltr'><strong>lib.</strong></span> 
     </span>
     <span class='ocr_line' id='line_1_35' title="bbox 242 3719 633 3792; baseline -0.01 -16"><span class='ocrx_word' id='word_1_292' title='bbox 242 3724 275 3776; x_wconf 85' lang='lat' dir='ltr'>A.</span> <span class='ocrx_word' id='word_1_293' title='bbox 294 3721 332 3776; x_wconf 90' lang='grc' dir='ltr'>Μ.</span> <span class='ocrx_word' id='word_1_294' title='bbox 351 3725 384 3777; x_wconf 79' lang='lat' dir='ltr'>ab</span> <span class='ocrx_word' id='word_1_295' title='bbox 403 3740 434 3777; x_wconf 88' lang='grc' dir='ltr'>θθ</span> <span class='ocrx_word' id='word_1_296' title='bbox 452 3723 541 3792; x_wconf 74' lang='lat' dir='ltr'>mapis</span> <span class='ocrx_word' id='word_1_297' title='bbox 557 3719 633 3791; x_wconf 79' lang='lat' dir='ltr'>dilip.</span> 
     </span>
    </p>
   </div>
   <div class='ocr_carea' id='block_1_6' title="bbox 155 3835 1281 4113">
    <p class='ocr_par' dir='ltr' id='par_1_8' title="bbox 155 3835 1281 4113">
     <span class='ocr_line' id='line_1_36' title="bbox 226 3835 1276 3907; baseline -0.005 -13"><span class='ocrx_word' id='word_1_298' title='bbox 226 3841 249 3874; x_wconf 88' lang='grc'>99</span> <span class='ocrx_word' id='word_1_299' title='bbox 265 3841 348 3896; x_wconf 88' lang='lat' dir='ltr'>Liber</span> <span class='ocrx_word' id='word_1_300' title='bbox 366 3841 417 3907; x_wconf 87' lang='lat' dir='ltr'>„de</span> <span class='ocrx_word' id='word_1_301' title='bbox 436 3839 538 3907; x_wconf 87' lang='lat' dir='ltr'>causis,</span> <span class='ocrx_word' id='word_1_302' title='bbox 563 3839 618 3893; x_wconf 88' lang='lat' dir='ltr'>sive</span> <span class='ocrx_word' id='word_1_303' title='bbox 636 3838 669 3892; x_wconf 89' lang='lat' dir='ltr'>dc</span> <span class='ocrx_word' id='word_1_304' title='bbox 687 3838 806 3892; x_wconf 84' lang='lat' dir='ltr'>essentia</span> <span class='ocrx_word' id='word_1_305' title='bbox 821 3853 906 3905; x_wconf 89' lang='lat' dir='ltr'>purae</span> <span class='ocrx_word' id='word_1_306' title='bbox 924 3837 1083 3901; x_wconf 76' lang='lat' dir='ltr'>bonitatis‘,</span> <span class='ocrx_word' id='word_1_307' title='bbox 1107 3835 1193 3890; x_wconf 86' lang='lat' dir='ltr'>medio</span> <span class='ocrx_word' id='word_1_308' title='bbox 1211 3850 1276 3891; x_wconf 82' lang='lat' dir='ltr'>cero</span> 
     </span>
     <span class='ocr_line' id='line_1_37' title="bbox 155 3905 1277 3972; baseline -0.006 -9"><span class='ocrx_word' id='word_1_309' title='bbox 155 3910 329 3963; x_wconf 80' lang='lat' dir='ltr'>Aursnounnr</span> <span class='ocrx_word' id='word_1_310' title='bbox 347 3911 388 3963; x_wconf 91' lang='lat' dir='ltr'>vel</span> <span class='ocrx_word' id='word_1_311' title='bbox 406 3909 518 3963; x_wconf 83' lang='lat' dir='ltr'>Pnoono</span> <span class='ocrx_word' id='word_1_312' title='bbox 535 3906 770 3969; x_wconf 82' lang='lat' dir='ltr'>falsoattributus‚</span> <span class='ocrx_word' id='word_1_313' title='bbox 789 3906 875 3960; x_wconf 87' lang='lat' dir='ltr'>etab.</span> <span class='ocrx_word' id='word_1_314' title='bbox 888 3906 991 3959; x_wconf 87' lang='lat' dir='ltr'>Thoma</span> <span class='ocrx_word' id='word_1_315' title='bbox 998 3905 1134 3972; x_wconf 88' lang='lat' dir='ltr'>Aquinate</span> <span class='ocrx_word' id='word_1_316' title='bbox 1143 3918 1277 3958; x_wconf 87' lang='lat' dir='ltr'>commen-</span> 
     </span>
     <span class='ocr_line' id='line_1_38' title="bbox 155 3972 1276 4043; baseline -0.004 -13"><span class='ocrx_word' id='word_1_317' title='bbox 155 3977 227 4031; x_wconf 87' lang='lat' dir='ltr'>tario</span> <span class='ocrx_word' id='word_1_318' title='bbox 252 3978 410 4032; x_wconf 86' lang='lat' dir='ltr'>illustratus.</span> <span class='ocrx_word' id='word_1_319' title='bbox 453 3977 492 4033; x_wconf 81' lang='lat' dir='ltr'>Cf.</span> <span class='ocrx_word' id='word_1_320' title='bbox 516 3977 655 4030; x_wconf 69' lang='lat' dir='ltr'>Ioannem</span> <span class='ocrx_word' id='word_1_321' title='bbox 684 3974 791 4043; x_wconf 82' lang='lat' dir='ltr'>Scripta</span> <span class='ocrx_word' id='word_1_322' title='bbox 813 3973 926 4026; x_wconf 87' lang='lat' dir='ltr'>Aristot.</span> <span class='ocrx_word' id='word_1_323' title='bbox 951 3973 980 4026; x_wconf 90' lang='lat' dir='ltr'>in</span> <span class='ocrx_word' id='word_1_324' title='bbox 1003 3972 1070 4026; x_wconf 88' lang='lat' dir='ltr'><strong>med.</strong></span> <span class='ocrx_word' id='word_1_325' title='bbox 1092 3987 1165 4026; x_wconf 83' lang='lat' dir='ltr'>aevo.</span> <span class='ocrx_word' id='word_1_326' title='bbox 1189 3972 1276 4026; x_wconf 80' lang='lat' dir='ltr'>versio</span> 
     </span>
     <span class='ocr_line' id='line_1_39' title="bbox 156 4041 1281 4113; baseline -0.006 -13"><span class='ocrx_word' id='word_1_327' title='bbox 156 4046 312 4113; x_wconf 85' lang='lat' dir='ltr'>germanica</span> <span class='ocrx_word' id='word_1_328' title='bbox 328 4045 429 4100; x_wconf 85' lang='lat' dir='ltr'>Stahrii</span> <span class='ocrx_word' id='word_1_329' title='bbox 446 4049 471 4111; x_wconf 64' lang='grc' dir='ltr'>ἐ.</span> <span class='ocrx_word' id='word_1_330' title='bbox 491 4049 530 4099; x_wconf 88' lang='lat'>18.</span> <span class='ocrx_word' id='word_1_331' title='bbox 601 4045 624 4076; x_wconf 86' lang='lat'>⁹¹</span> <span class='ocrx_word' id='word_1_332' title='bbox 642 4042 841 4112; x_wconf 83' lang='lat' dir='ltr'>,‚adsequatur“</span> <span class='ocrx_word' id='word_1_333' title='bbox 859 4057 908 4109; x_wconf 86' lang='lat' dir='ltr'>pro</span> <span class='ocrx_word' id='word_1_334' title='bbox 926 4044 1089 4109; x_wconf 82' lang='lat' dir='ltr'>‚‚sequatur“</span> <span class='ocrx_word' id='word_1_335' title='bbox 1106 4041 1206 4095; x_wconf 90' lang='lat' dir='ltr'>dictum</span> <span class='ocrx_word' id='word_1_336' title='bbox 1217 4054 1281 4094; x_wconf 86' lang='lat' dir='ltr'>esse</span> 
     </span>
    </p>
   </div>
   <div class='ocr_carea' id='block_1_7' title="bbox 157 4107 1282 4319">
    <p class='ocr_par' dir='ltr' id='par_1_9' title="bbox 157 4107 1282 4319">
     <span class='ocr_line' id='line_1_40' title="bbox 177 4107 1276 4181; baseline -0.005 -14"><span class='ocrx_word' id='word_1_337' title='bbox 177 4120 233 4167; x_wconf 84' lang='lat' dir='ltr'>uta.</span> <span class='ocrx_word' id='word_1_338' title='bbox 304 4114 327 4146; x_wconf 87' lang='lat'>⁹⁹</span> <span class='ocrx_word' id='word_1_339' title='bbox 346 4114 408 4168; x_wconf 87' lang='lat' dir='ltr'>Scil.</span> <span class='ocrx_word' id='word_1_340' title='bbox 420 4129 526 4168; x_wconf 88' lang='lat' dir='ltr'>vocem:</span> <span class='ocrx_word' id='word_1_341' title='bbox 545 4109 701 4181; x_wconf 71' lang='grc' dir='ltr'>Μονάρχηθ.</span> <span class='ocrx_word' id='word_1_342' title='bbox 772 4110 795 4142; x_wconf 86' lang='grc'>99</span> <span class='ocrx_word' id='word_1_343' title='bbox 813 4107 1030 4177; x_wconf 76' lang='lat' dir='ltr'>..subadsumpta</span> <span class='ocrx_word' id='word_1_344' title='bbox 1043 4107 1276 4178; x_wconf 61' lang='lat' dir='ltr'>principalisrha-</span> 
     </span>
     <span class='ocr_line' id='line_1_41' title="bbox 157 4131 1282 4319; baseline -0.004 -85"><span class='ocrx_word' id='word_1_345' title='bbox 157 4131 336 4319; x_wconf 41' lang='grc' dir='ltr'>ἒξῖειίιῐθῦΙῖῐῐιῖίῖὲίεοἴ</span> <span class='ocrx_word' id='word_1_346' title='bbox 349 4182 429 4236; x_wconf 91' lang='lat' dir='ltr'>huius</span> <span class='ocrx_word' id='word_1_347' title='bbox 448 4197 507 4249; x_wconf 88' lang='lat' dir='ltr'>cap.</span> <span class='ocrx_word' id='word_1_348' title='bbox 526 4198 552 4250; x_wconf 91' lang='lat' dir='ltr'><strong>p.</strong></span> <span class='ocrx_word' id='word_1_349' title='bbox 572 4186 612 4237; x_wconf 76' lang='lat' dir='ltr'>tr.</span> <span class='ocrx_word' id='word_1_350' title='bbox 624 4178 747 4234; x_wconf 90' lang='lat' dir='ltr'>-Modo</span> <span class='ocrx_word' id='word_1_351' title='bbox 762 4177 885 4246; x_wconf 80' lang='lat' dir='ltr'>vulgatae</span> <span class='ocrx_word' id='word_1_352' title='bbox 897 4177 1042 4232; x_wconf 80' lang='lat' dir='ltr'>Biblrers.</span> <span class='ocrx_word' id='word_1_353' title='bbox 1053 4179 1118 4247; x_wconf 79' lang='lat' dir='ltr'>qaia</span> <span class='ocrx_word' id='word_1_354' title='bbox 1136 4192 1185 4246; x_wconf 90' lang='lat' dir='ltr'>pro</span> <span class='ocrx_word' id='word_1_355' title='bbox 1203 4175 1282 4247; x_wconf 80' lang='lat' dir='ltr'>qooct</span> 
     </span>
    </p>
   </div>
   <div class='ocr_carea' id='block_1_8' title="bbox 0 0 1481 4808">
    <p class='ocr_par' dir='ltr' id='par_1_10' title="bbox 0 0 1481 4808">
     <span class='ocr_line' id='line_1_42' title="bbox 0 0 1481 4808; baseline 0 0"><span class='ocrx_word' id='word_1_356' title='bbox 0 0 1481 4808; x_wconf 95' lang='lat' dir='ltr'> </span> 
     </span>
    </p>
   </div>
  </div>
 </body>
</html>
