2940 4808
280 317 321 376 44
584 297 719 373 nnuma
737 316 959 372 moniacam
978 317 1012 371 11.
1032 333 1054 372 e.
1074 321 1098 371 a.
1130 261 1138 283 ’

275 453 277 461 r

277 495 373 575 Juxta
393 489 475 555 illud
496 489 740 573 Evangelicum,
768 488 911 572 „Eadem
933 509 1095 573 mensura,
1127 508 1189 570 qua
1210 490 1313 555 mensi
1336 491 1417 556 fue-

281 592 350 657 ritis
357 642 365 676 ,
394 590 576 657 remetietur
605 589 732 657 vobis“:
772 591 910 657 maxime
939 591 1055 675 nobili,
1084 591 1223 658 maxime
1250 612 1417 676 praeesse

232 692 439 765 reconvenit.
486 690 755 777 Subadsumptam
777 712 869 776 vero,
898 693 1080 759 testimonia
1106 697 1248 759 veterum
1271 713 1411 779 persua

283 796 372 879 dent,
396 815 470 858 nam
487 793 613 859 divinus
627 799 724 877 poeta
739 798 844 860 noster
859 792 1078 879 Virgiliue,
1101 815 1159 880 per
1173 799 1275 861 totam
1286 795 1408 862 Aenei-

283 896 365 981 dem,
387 895 561 977 gloriosum
583 915 690 978 regem
705 895 857 979 Aeneam,
880 899 1005 980 patrem
1019 896 1156 963 Romani
1177 896 1290 981 populi
1305 897 1404 966 fuisse

282 1003 416 1065 testatur
437 997 470 1061 in
492 997 677 1064 memoriam
700 998 935 1082 sempiternam.
981 997 1075 1078 Quod
1102 998 1220 1064 Titus
1243 998 1400 1085 Livino,

282 1105 444 1182 gestorum
470 1100 684 1165 Romanorum
713 1100 819 1164 scriba
847 1099 1006 1184 egregiae,
1042 1100 1075 1165 in
1102 1100 1205 1183 prima
1232 1105 1326 1183 parte
1355 1101 1399 1166 oui

233 1226 265 1275 25
283 1201 468 1284 voluminis,
493 1220 574 1282 quae
597 1221 617 1265 a
640 1205 733 1284 capta
748 1201 847 1285 Troja
870 1201 965 1266 sumit
987 1201 1168 1286 exordium,
1198 1207 1397 1270 contestatur.

283 1304 346 1384 Qui
368 1303 497 1385 quidem
519 1302 743 1369 invictissimus
766 1310 861 1385 atque
883 1303 1044 1386 piissimus
1059 1308 1165 1389 pater,
1189 1309 1329 1385 quantae
1351 1325 1398 1370 no

283 1404 418 1471 bilitatis
446 1403 496 1468 vir
522 1404 631 1488 fuerit,
660 1426 723 1471 non
752 1406 853 1472 solum
877 1425 934 1470 aua
961 1403 1162 1471 considerata
1183 1405 1318 1490 virtute,
1348 1405 1399 1472 aed

283 1506 519 1592 progenitorum
543 1525 670 1572 suorum
692 1512 788 1589 atque
805 1527 948 1591 uxorum,
972 1526 1104 1589 quorum
1122 1512 1328 1590 utrorumque
1350 1528 1397 1574 no

284 1608 393 1674 bilitas
408 1606 603 1674 hereditario
622 1609 694 1692 jure
716 1609 749 1673 in
763 1610 868 1693 ipsum
884 1608 1043 1692 confluxit,
1066 1608 1278 1691 explicare
1294 1608 1399 1690 nequi·

234 1734 265 1784 30
284 1731 366 1795 rem,
391 1709 449 1776 sed
471 1729 594 1775 summa
616 1730 731 1791 sequar
753 1711 890 1792 vestigia
911 1730 1023 1776 rerum.

368 1813 526 1893 Quantum
561 1830 636 1893 ergo
670 1811 712 1876 ad
753 1813 958 1897 propriam
998 1811 1086 1895 ejus
1125 1810 1400 1895 nobilitatem,

312 1964 333 1996 ¹⁸
351 1965 385 2018 A.
405 1964 436 2017 F.
456 1964 486 2016 L.
508 1963 540 2016 V.
559 1964 639 2016 messi
895 1961 921 1994 ²⁰
938 1961 1007 2014 Edd.
1020 1967 1076 2014 ant.
1088 1960 1142 2026 Qui
1158 1961 1402 2030 quammaximus

309 2049 333 2081 ²⁰
349 2050 384 2103 A.
402 2048 435 2100 H.
453 2049 486 2102 L.
507 2048 537 2101 P.
554 2048 586 2102 V.
604 2048 818 2103 suoassomea-
896 2047 916 2078 ²⁷
934 2048 966 2098 Λ.
979 2046 1009 2098 F.
1022 2046 1055 2098 Η.
1064 2045 1095 2098 L.
1106 2046 1137 2099 P.
1148 2077 1181 2083 —
1192 2045 1229 2099 M.
1248 2038 1304 2100 vita
1318 2046 1403 2115 suerit

350 2133 388 2186 M.
407 2135 574 2187 sutrussumte
939 2161 970 2170 —
990 2131 1022 2188 V,
1042 2136 1070 2185 et
1086 2129 1156 2201 Edd.
1175 2129 1304 2184 omittrmt
1321 2131 1362 2184 vir

369 2219 402 2270 A.
422 2217 452 2270 F.
472 2217 504 2269 Η.
523 2218 554 2270 L.
574 2217 605 2272 P.
622 2216 654 2267 V.
677 2246 710 2253 -
734 2214 771 2266 Μ.
793 2218 819 2266 et
954 2215 1024 2269 Edd.
1043 2215 1114 2269 inter
1130 2214 1179 2269 sed
1202 2219 1228 2268 et
1246 2215 1402 2286 proponite-

352 2302 413 2355 libri
443 2301 566 2370 impressi
598 2308 714 2355 veterum
746 2300 818 2352 testi·
935 2316 996 2352 rum
1014 2300 1136 2353 inserunt
1153 2305 1192 2364 ct,
1211 2298 1284 2368 quod
1297 2300 1403 2354 abesto

353 2388 443 2441 mortio
938 2384 1084 2438 codicibus,

368 2470 402 2524 A.
420 2471 452 2525 F.
470 2470 504 2524 H.
524 2470 556 2523 L.
567 2470 603 2523 M.
622 2469 652 2522 P.
664 2469 697 2523 V.
706 2499 739 2506 -—
748 2469 816 2523 Edd.
896 2468 919 2501 ²⁸
936 2472 969 2522 A.
987 2471 1141 2540 penitorum

351 2556 467 2610 suadent
898 2553 919 2586 ³¹
939 2554 972 2606 Α.
990 2560 1016 2608 et
1033 2554 1065 2607 F.
1084 2570 1139 2609 non
1156 2554 1259 2608 habent
1276 2555 1338 2625 ejus

311 2642 335 2674 ²²
351 2641 383 2695 F.
402 2641 432 2694 P.
451 2639 677 2712 ploriosissimom

528 2773 609 2829 Uomo
627 2773 726 2846 qeotc'l,
742 2773 791 2826 cte
804 2777 863 2842 pao
881 2774 985 2838 dicere,
1005 2779 1049 2839 „io
1066 2775 1114 2845 foi

522 2842 636 2913 Nipote,
656 2841 764 2912 ofiqlio
783 2841 813 2895 di
828 2843 902 2895 colat
918 2842 1053 2906 uolente,“

525 2909 634 2964 Benclet
650 2912 693 2964 sia
711 2910 747 2964 da
764 2911 860 2962 niente.

522 2978 571 3033 Ma
589 2980 715 3033 vilissimo
733 2979 838 3032 santra
856 2994 873 3030 a
891 2976 936 3030 clai
952 2978 970 3031 ’l
987 2994 1033 3031 ver
1049 2987 1135 3050 quota

525 3047 575 3101 Coi
591 3048 605 3101 ὲ
622 3053 712 3101 scorto
730 3048 750 3100 it
767 3046 901 3099 contamino
918 3062 934 3112 a
946 3047 1046 3116 poncio
1064 3046 1152 3100 l’erra.

286 3128 358 3197 Quos
376 3145 470 3184 versus
487 3131 515 3185 in
534 3130 659 3184 Convivio
679 3130 734 3195 (IV.
757 3135 790 3189 3.t
816 3129 855 3183 ita
877 3134 1085 3185 commentatur:
1113 3131 1248 3202 Foderipo
1272 3130 1303 3185 co·
1318 3129 1403 3186 Soooc

287 3236 330 3249 ...
350 3197 515 3251 domandoto
533 3198 583 3252 cite
599 3199 677 3269 fosse
694 3199 857 3269 pentateuc,
873 3200 994 3268 rispose:
1021 3198 1133 3265 „Cicera
1153 3200 1244 3255 antica
1261 3199 1403 3258 ricciezza

286 3282 300 3317 a
319 3265 356 3319 be’
375 3270 506 3319 costumi“
517 3305 540 3318 ..
555 3307 577 3317 ..
613 3266 718 3337 Edico
735 3264 784 3319 cte
802 3273 896 3336 questo
915 3268 1042 3336 opinione
1059 3268 1073 3321 a
1090 3269 1171 3336 quasi
1186 3267 1217 3321 a·
1233 3269 1297 3321 tutti
1313 3267 1402 3323 coloro

286 3331 335 3386 ciue
351 3332 441 3402 fanrto
459 3333 545 3387 altrat
560 3334 661 3405 partile
674 3350 728 3404 par
745 3334 873 3406 anseredi
882 3335 1020 3405 propertio
1038 3335 1210 3405 tunqamcntc
1225 3340 1299 3390 stata
1315 3337 1388 3390 ricco
1393 3353 1404 3398 ;

286 3402 436 3456 concionata
443 3416 507 3456 cosa
514 3400 561 3455 clai
571 3403 651 3471 quasi
660 3402 724 3455 tutti
732 3400 787 3456 cosi
798 3401 914 3456 lutrano.
925 3432 951 3439 —
962 3401 1001 3455 Of.
1009 3407 1036 3456 et
1044 3406 1186 3458 Aucuorus
1196 3402 1372 3458 Parad.XV1.
1382 3408 1403 3455 1.

528 3484 549 3541 0
565 3502 637 3557 poco
655 3492 749 3558 nostra
766 3485 868 3542 notitae
886 3486 916 3540 di
931 3491 1052 3558 sareptae!

593 3552 629 3607 Se
646 3554 753 3625 qlorc‘ar
771 3554 800 3608 di
817 3560 842 3608 te
860 3553 887 3609 lo
904 3561 984 3625 pente
999 3557 1046 3625 foi

593 3620 733 3693 Quopqict,
751 3623 818 3677 dove
837 3622 948 3692 loffetto
966 3631 1059 3678 orostro
1079 3624 1193 3695 ianque,

525 3739 639 3796 Mirati!
653 3757 717 3796 cosa
735 3758 790 3795 non
808 3742 846 3794 mi
861 3745 926 3795 sarci
944 3743 1014 3805 moi,-

595 3807 646 3864 Cho
664 3808 704 3870 lei,
723 3809 790 3864 dove
808 3811 929 3880 appetito
947 3825 1002 3863 non
1020 3811 1045 3862 si
1062 3815 1150 3871 carce,

593 3877 662 3932 Dico
679 3879 725 3933 recl
740 3877 821 3942 ciclo,
840 3882 866 3933 io
885 3893 926 3931 me
943 3894 977 3930 ne
994 3877 1104 3948 ploriat'.

527 3994 586 4048 Beo
603 3996 645 4048 sei
661 4001 688 4048 tu
705 4000 796 4049 monto
814 3994 863 4049 cire
880 4000 948 4049 tosto
965 4010 1107 4063 raccorce,

592 4062 624 4117 St
642 4063 703 4128 cte,
722 4080 751 4117 se
768 4079 823 4117 ooo
840 4063 956 4133 s'appoo
975 4063 1005 4117 co·
1021 4063 1064 4117 die
1081 4065 1109 4117 in
1127 4064 1184 4130 die,

592 4130 633 4186 Lo
652 4139 740 4203 terrrpo
759 4148 792 4186 oo
810 4130 937 4186 diuturno
955 4146 1006 4185 coo
1025 4132 1049 4185 le
1065 4132 1153 4202 force.

359 4230 380 4262 ¹⁸
397 4230 503 4285 Evnuo.
522 4233 675 4287 itionum
693 4239 716 4286 7.
734 4249 757 4285 v.
776 4237 799 4286 2.
