<?xml version="1.0" encoding="UTF-8"?>
<!DOCTYPE html PUBLIC "-//W3C//DTD XHTML 1.0 Transitional//EN"
    "http://www.w3.org/TR/xhtml1/DTD/xhtml1-transitional.dtd">
<html xmlns="http://www.w3.org/1999/xhtml" xml:lang="en" lang="en">
 <head>
  <title>
</title>
<meta http-equiv="Content-Type" content="text/html;charset=utf-8" />
  <meta name='ocr-system' content='tesseract 3.04.00' />
  <meta name='ocr-capabilities' content='ocr_page ocr_carea ocr_par ocr_line ocrx_word'/>
</head>
<body>
  <div class='ocr_page' id='page_1' title='image "./dantisalligheri00wittgoog_0124.png"; bbox 0 0 2940 4808; ppageno 0'>
   <div class='ocr_carea' id='block_1_1' title="bbox 434 319 1297 391">
    <p class='ocr_par' dir='ltr' id='par_1_1' title="bbox 434 319 1297 391">
     <span class='ocr_line' id='line_1_1' title="bbox 434 319 1297 391; baseline 0.003 -13"><span class='ocrx_word' id='word_1_1' title='bbox 434 321 569 379; x_wconf 78' lang='lat' dir='ltr'>DANTIS</span> <span class='ocrx_word' id='word_1_2' title='bbox 587 323 807 380; x_wconf 86' lang='lat' dir='ltr'><strong>MONARCHIA</strong></span> <span class='ocrx_word' id='word_1_3' title='bbox 824 322 844 378; x_wconf 95' lang='grc' dir='ltr'><strong>Ι.</strong></span> <span class='ocrx_word' id='word_1_4' title='bbox 865 325 894 380; x_wconf 85' lang='lat' dir='ltr'><strong>O.</strong></span> <span class='ocrx_word' id='word_1_5' title='bbox 917 330 955 380; x_wconf 88' lang='lat'><strong>15.</strong></span> <span class='ocrx_word' id='word_1_6' title='bbox 974 329 1036 391; x_wconf 84' lang='lat' dir='ltr'><strong>(ll.)</strong></span> <span class='ocrx_word' id='word_1_7' title='bbox 1258 319 1297 381; x_wconf 88' lang='lat'><strong>31</strong></span> 
     </span>
    </p>
   </div>
   <div class='ocr_carea' id='block_1_2' title="bbox 159 477 1345 3026">
    <p class='ocr_par' dir='ltr' id='par_1_2' title="bbox 174 477 1345 999">
     <span class='ocr_line' id='line_1_2' title="bbox 180 477 1299 581; baseline -0.003 -19"><span class='ocrx_word' id='word_1_8' title='bbox 180 495 253 562; x_wconf 91' lang='lat' dir='ltr'><strong>boni</strong></span> <span class='ocrx_word' id='word_1_9' title='bbox 274 497 416 581; x_wconf 88' lang='lat' dir='ltr'><strong>ponebat</strong></span> <span class='ocrx_word' id='word_1_10' title='bbox 443 514 554 580; x_wconf 92' lang='lat' dir='ltr'><strong>unum,</strong></span> <span class='ocrx_word' id='word_1_11' title='bbox 585 518 625 564; x_wconf 85' lang='lat' dir='ltr'><strong>ex</strong></span> <span class='ocrx_word' id='word_1_12' title='bbox 653 502 744 581; x_wconf 90' lang='lat' dir='ltr'><strong>parte</strong></span> <span class='ocrx_word' id='word_1_13' title='bbox 767 518 843 564; x_wconf 89' lang='lat' dir='ltr'><strong>vero</strong></span> <span class='ocrx_word' id='word_1_14' title='bbox 865 497 942 561; x_wconf 90' lang='lat' dir='ltr'><strong>mali</strong></span> <span class='ocrx_word' id='word_1_15' title='bbox 963 477 1070 579; x_wconf 86' lang='lat' dir='ltr'><strong>plura,</strong></span> <span class='ocrx_word' id='word_1_16' title='bbox 1101 500 1135 559; x_wconf 92' lang='lat' dir='ltr'><strong>ut</strong></span> <span class='ocrx_word' id='word_1_17' title='bbox 1155 499 1244 580; x_wconf 92' lang='lat' dir='ltr'><strong>patet</strong></span> <span class='ocrx_word' id='word_1_18' title='bbox 1265 496 1299 559; x_wconf 91' lang='lat' dir='ltr'><strong>in</strong></span> 
     </span>
     <span class='ocr_line' id='line_1_3' title="bbox 176 597 1296 684; baseline -0.001 -22"><span class='ocrx_word' id='word_1_19' title='bbox 176 597 279 682; x_wconf 91' lang='lat' dir='ltr'><strong>primo</strong></span> <span class='ocrx_word' id='word_1_20' title='bbox 301 618 419 684; x_wconf 93' lang='lat' dir='ltr'><strong>eorum,</strong></span> <span class='ocrx_word' id='word_1_21' title='bbox 443 618 524 681; x_wconf 89' lang='lat' dir='ltr'><strong>quae</strong></span> <span class='ocrx_word' id='word_1_22' title='bbox 546 600 586 666; x_wconf 93' lang='lat' dir='ltr'><strong>de</strong></span> <span class='ocrx_word' id='word_1_23' title='bbox 608 598 794 683; x_wconf 91' lang='lat' dir='ltr'><strong>simpliciter</strong></span> <span class='ocrx_word' id='word_1_24' title='bbox 814 599 904 665; x_wconf 84' lang='lat' dir='ltr'><strong>Ente.</strong></span> <span class='ocrx_word' id='word_1_25' title='bbox 948 597 1031 662; x_wconf 91' lang='lat' dir='ltr'><strong>Hinc</strong></span> <span class='ocrx_word' id='word_1_26' title='bbox 1052 597 1156 663; x_wconf 83' lang='lat' dir='ltr'><strong>rideri</strong></span> <span class='ocrx_word' id='word_1_27' title='bbox 1181 604 1296 683; x_wconf 88' lang='lat' dir='ltr'><strong>potest,</strong></span> 
     </span>
     <span class='ocr_line' id='line_1_4' title="bbox 177 698 1296 786; baseline 0.003 -21"><span class='ocrx_word' id='word_1_28' title='bbox 177 699 263 783; x_wconf 91' lang='lat' dir='ltr'><strong>quod</strong></span> <span class='ocrx_word' id='word_1_29' title='bbox 284 721 418 784; x_wconf 90' lang='lat' dir='ltr'><strong>peccare</strong></span> <span class='ocrx_word' id='word_1_30' title='bbox 439 701 520 766; x_wconf 92' lang='lat' dir='ltr'><strong>nihil</strong></span> <span class='ocrx_word' id='word_1_31' title='bbox 541 707 590 767; x_wconf 97' lang='grc' dir='ltr'>θεῖ</span> <span class='ocrx_word' id='word_1_32' title='bbox 614 700 718 784; x_wconf 88' lang='lat' dir='ltr'><strong>aliud,</strong></span> <span class='ocrx_word' id='word_1_33' title='bbox 748 720 844 783; x_wconf 89' lang='lat' dir='ltr'><strong>quam</strong></span> <span class='ocrx_word' id='word_1_34' title='bbox 871 698 1020 786; x_wconf 80' lang='lat' dir='ltr'>progredi</span> <span class='ocrx_word' id='word_1_35' title='bbox 1042 700 1083 764; x_wconf 92' lang='lat' dir='ltr'><strong>ab</strong></span> <span class='ocrx_word' id='word_1_36' title='bbox 1105 718 1168 767; x_wconf 93' lang='lat' dir='ltr'><strong>uno</strong></span> <span class='ocrx_word' id='word_1_37' title='bbox 1190 707 1296 786; x_wconf 89' lang='lat' dir='ltr'><strong>spreto</strong></span> 
     </span>
     <span class='ocr_line' id='line_1_5' title="bbox 176 801 1345 888; baseline -0.004 -19"><span class='ocrx_word' id='word_1_38' title='bbox 176 802 218 869; x_wconf 87' lang='lat' dir='ltr'><strong>ad</strong></span> <span class='ocrx_word' id='word_1_39' title='bbox 239 806 355 888; x_wconf 87' lang='lat' dir='ltr'><strong>multa;</strong></span> <span class='ocrx_word' id='word_1_40' title='bbox 381 803 468 884; x_wconf 93' lang='lat' dir='ltr'><strong>quod</strong></span> <span class='ocrx_word' id='word_1_41' title='bbox 485 802 614 886; x_wconf 92' lang='lat' dir='ltr'><strong>quidem</strong></span> <span class='ocrx_word' id='word_1_42' title='bbox 629 803 801 869; x_wconf 88' lang='lat' dir='ltr'><strong>Psalmista</strong></span> <span class='ocrx_word' id='word_1_43' title='bbox 822 802 961 886; x_wconf 91' lang='lat' dir='ltr'><strong>videbat,</strong></span> <span class='ocrx_word' id='word_1_44' title='bbox 984 801 1108 868; x_wconf 89' lang='lat' dir='ltr'><strong>dicens:</strong></span> <span class='ocrx_word' id='word_1_45' title='bbox 1130 801 1180 885; x_wconf 86' lang='lat' dir='ltr'><strong>„A</strong></span> <span class='ocrx_word' id='word_1_46' title='bbox 1193 802 1296 868; x_wconf 86' lang='lat' dir='ltr'><strong>fructu</strong></span> <span class='ocrx_word' id='word_1_47' title='bbox 1315 815 1345 864; x_wconf 78' lang='lat' dir='ltr'><strong>re</strong></span> 
     </span>
     <span class='ocr_line' id='line_1_6' title="bbox 174 903 919 999; baseline -0.001 -29"><span class='ocrx_word' id='word_1_48' title='bbox 174 903 333 990; x_wconf 76' lang='lat' dir='ltr'><strong>frumenti,</strong></span> <span class='ocrx_word' id='word_1_49' title='bbox 356 905 431 988; x_wconf 91' lang='lat' dir='ltr'><strong>vini,</strong></span> <span class='ocrx_word' id='word_1_50' title='bbox 454 911 486 972; x_wconf 89' lang='lat' dir='ltr'><strong>et</strong></span> <span class='ocrx_word' id='word_1_51' title='bbox 508 906 571 973; x_wconf 92' lang='lat' dir='ltr'><strong>olei</strong></span> <span class='ocrx_word' id='word_1_52' title='bbox 592 905 795 990; x_wconf 89' lang='lat' dir='ltr'><strong>multiplicati</strong></span> <span class='ocrx_word' id='word_1_53' title='bbox 818 904 919 999; x_wconf 76' lang='lat' dir='ltr'><strong>sunt‘.</strong></span> 
     </span>
    </p>

    <p class='ocr_par' dir='ltr' id='par_1_3' title="bbox 159 993 1343 2722">
     <span class='ocr_line' id='line_1_7' title="bbox 198 993 1296 1092; baseline -0.004 -19"><span class='ocrx_word' id='word_1_54' title='bbox 198 993 202 999; x_wconf 41' lang='lat'>⁶</span> <span class='ocrx_word' id='word_1_55' title='bbox 261 1007 392 1073; x_wconf 81' lang='lat' dir='ltr'>Constat</span> <span class='ocrx_word' id='word_1_56' title='bbox 413 1007 518 1092; x_wconf 87' lang='lat' dir='ltr'><strong>igitur,</strong></span> <span class='ocrx_word' id='word_1_57' title='bbox 543 1007 627 1090; x_wconf 91' lang='lat' dir='ltr'><strong>quod</strong></span> <span class='ocrx_word' id='word_1_58' title='bbox 649 1028 742 1073; x_wconf 91' lang='lat' dir='ltr'><strong>omne</strong></span> <span class='ocrx_word' id='word_1_59' title='bbox 765 1007 851 1088; x_wconf 91' lang='lat' dir='ltr'><strong>quod</strong></span> <span class='ocrx_word' id='word_1_60' title='bbox 873 1012 922 1073; x_wconf 92' lang='grc' dir='ltr'>θεῖ</span> <span class='ocrx_word' id='word_1_61' title='bbox 944 1007 1069 1089; x_wconf 92' lang='lat' dir='ltr'><strong>bonum,</strong></span> <span class='ocrx_word' id='word_1_62' title='bbox 1092 1025 1150 1090; x_wconf 89' lang='lat' dir='ltr'><strong>per</strong></span> <span class='ocrx_word' id='word_1_63' title='bbox 1165 1006 1225 1071; x_wconf 94' lang='lat' dir='ltr'><strong>hoc</strong></span> <span class='ocrx_word' id='word_1_64' title='bbox 1247 1011 1296 1070; x_wconf 91' lang='lat' dir='ltr'><strong>est</strong></span> 
     </span>
     <span class='ocr_line' id='line_1_8' title="bbox 174 1107 1295 1191; baseline -0.004 -16"><span class='ocrx_word' id='word_1_65' title='bbox 174 1108 301 1191; x_wconf 92' lang='lat' dir='ltr'><strong>bonum,</strong></span> <span class='ocrx_word' id='word_1_66' title='bbox 319 1107 405 1190; x_wconf 92' lang='lat' dir='ltr'><strong>quod</strong></span> <span class='ocrx_word' id='word_1_67' title='bbox 419 1109 452 1173; x_wconf 91' lang='lat' dir='ltr'><strong>in</strong></span> <span class='ocrx_word' id='word_1_68' title='bbox 465 1128 529 1174; x_wconf 92' lang='lat' dir='ltr'><strong>uno</strong></span> <span class='ocrx_word' id='word_1_69' title='bbox 545 1108 696 1175; x_wconf 78' lang='lat' dir='ltr'><strong>consistit.</strong></span> <span class='ocrx_word' id='word_1_70' title='bbox 732 1108 774 1173; x_wconf 77' lang='lat' dir='ltr'><strong>Iit</strong></span> <span class='ocrx_word' id='word_1_71' title='bbox 790 1127 887 1189; x_wconf 92' lang='lat' dir='ltr'><strong>quum</strong></span> <span class='ocrx_word' id='word_1_72' title='bbox 902 1107 1078 1191; x_wconf 89' lang='lat' dir='ltr'><strong>concordia,</strong></span> <span class='ocrx_word' id='word_1_73' title='bbox 1094 1107 1295 1187; x_wconf 91' lang='lat' dir='ltr'><strong>inquantum</strong></span> 
     </span>
     <span class='ocr_line' id='line_1_9' title="bbox 173 1209 1292 1293; baseline -0.004 -17"><span class='ocrx_word' id='word_1_74' title='bbox 173 1210 363 1293; x_wconf 90' lang='lat' dir='ltr'><strong>huiusmodi,</strong></span> <span class='ocrx_word' id='word_1_75' title='bbox 387 1215 436 1276; x_wconf 91' lang='grc' dir='ltr'><strong>θεῖ</strong></span> <span class='ocrx_word' id='word_1_76' title='bbox 459 1209 619 1291; x_wconf 85' lang='lat' dir='ltr'>quoddam</span> <span class='ocrx_word' id='word_1_77' title='bbox 641 1211 767 1293; x_wconf 90' lang='lat' dir='ltr'><strong>bonum,</strong></span> <span class='ocrx_word' id='word_1_78' title='bbox 793 1210 993 1277; x_wconf 85' lang='lat' dir='ltr'><strong>manifestum</strong></span> <span class='ocrx_word' id='word_1_79' title='bbox 1016 1215 1073 1292; x_wconf 88' lang='lat' dir='ltr'><strong>est,</strong></span> <span class='ocrx_word' id='word_1_80' title='bbox 1095 1210 1199 1293; x_wconf 91' lang='lat' dir='ltr'><strong>ipsam</strong></span> <span class='ocrx_word' id='word_1_81' title='bbox 1221 1229 1292 1275; x_wconf 92' lang='lat' dir='ltr'><strong>con-</strong></span> 
     </span>
     <span class='ocr_line' id='line_1_10' title="bbox 159 1311 1343 1396; baseline -0.005 -18"><span class='ocrx_word' id='word_1_82' title='bbox 159 1312 284 1380; x_wconf 84' lang='lat' dir='ltr'><strong>sistere</strong></span> <span class='ocrx_word' id='word_1_83' title='bbox 306 1313 339 1376; x_wconf 90' lang='lat' dir='ltr'><strong>in</strong></span> <span class='ocrx_word' id='word_1_84' title='bbox 359 1313 467 1394; x_wconf 91' lang='lat' dir='ltr'><strong>aliquo</strong></span> <span class='ocrx_word' id='word_1_85' title='bbox 482 1332 555 1396; x_wconf 92' lang='lat' dir='ltr'><strong>uno,</strong></span> <span class='ocrx_word' id='word_1_86' title='bbox 582 1316 746 1393; x_wconf 81' lang='lat' dir='ltr'>tamquam</span> <span class='ocrx_word' id='word_1_87' title='bbox 766 1312 800 1377; x_wconf 91' lang='lat' dir='ltr'><strong>in</strong></span> <span class='ocrx_word' id='word_1_88' title='bbox 814 1313 942 1396; x_wconf 91' lang='lat' dir='ltr'><strong>propria</strong></span> <span class='ocrx_word' id='word_1_89' title='bbox 956 1311 1073 1378; x_wconf 81' lang='lat' dir='ltr'><strong>radice.</strong></span> <span class='ocrx_word' id='word_1_90' title='bbox 1117 1313 1207 1392; x_wconf 79' lang='lat' dir='ltr'><strong>Quae</strong></span> <span class='ocrx_word' id='word_1_91' title='bbox 1223 1311 1292 1393; x_wconf 92' lang='lat' dir='ltr'><strong>qui-</strong></span> <span class='ocrx_word' id='word_1_92' title='bbox 1311 1323 1343 1373; x_wconf 84' lang='lat'><strong>20</strong></span> 
     </span>
     <span class='ocr_line' id='line_1_11' title="bbox 172 1413 1289 1499; baseline -0.001 -20"><span class='ocrx_word' id='word_1_93' title='bbox 172 1413 246 1479; x_wconf 88' lang='lat' dir='ltr'><strong>dem</strong></span> <span class='ocrx_word' id='word_1_94' title='bbox 267 1413 360 1478; x_wconf 86' lang='lat' dir='ltr'><strong>radix</strong></span> <span class='ocrx_word' id='word_1_95' title='bbox 380 1414 559 1499; x_wconf 84' lang='lat' dir='ltr'><strong>apparebit,</strong></span> <span class='ocrx_word' id='word_1_96' title='bbox 582 1414 610 1480; x_wconf 91' lang='lat' dir='ltr'><strong>si</strong></span> <span class='ocrx_word' id='word_1_97' title='bbox 631 1420 744 1478; x_wconf 91' lang='lat' dir='ltr'><strong>natura</strong></span> <span class='ocrx_word' id='word_1_98' title='bbox 765 1415 819 1479; x_wconf 93' lang='lat' dir='ltr'><strong>vel</strong></span> <span class='ocrx_word' id='word_1_99' title='bbox 841 1416 922 1480; x_wconf 89' lang='lat' dir='ltr'><strong>ratio</strong></span> <span class='ocrx_word' id='word_1_100' title='bbox 938 1413 1125 1481; x_wconf 77' lang='lat' dir='ltr'><strong>concordiae</strong></span> <span class='ocrx_word' id='word_1_101' title='bbox 1141 1420 1289 1479; x_wconf 90' lang='lat' dir='ltr'><strong>sumatur.</strong></span> 
     </span>
     <span class='ocr_line' id='line_1_12' title="bbox 170 1513 1292 1600; baseline 0.001 -22"><span class='ocrx_word' id='word_1_102' title='bbox 170 1513 229 1579; x_wconf 83' lang='lat' dir='ltr'><strong>Est</strong></span> <span class='ocrx_word' id='word_1_103' title='bbox 251 1516 336 1581; x_wconf 91' lang='lat' dir='ltr'><strong>enim</strong></span> <span class='ocrx_word' id='word_1_104' title='bbox 351 1515 530 1597; x_wconf 89' lang='lat' dir='ltr'><strong>concordia,</strong></span> <span class='ocrx_word' id='word_1_105' title='bbox 555 1517 716 1583; x_wconf 86' lang='lat' dir='ltr'><strong>uniformis</strong></span> <span class='ocrx_word' id='word_1_106' title='bbox 737 1521 841 1583; x_wconf 91' lang='lat' dir='ltr'><strong>motus</strong></span> <span class='ocrx_word' id='word_1_107' title='bbox 862 1516 1000 1599; x_wconf 91' lang='lat' dir='ltr'><strong>plurium</strong></span> <span class='ocrx_word' id='word_1_108' title='bbox 1021 1517 1235 1600; x_wconf 74' lang='lat' dir='ltr'><strong>voluntatum,</strong></span> <span class='ocrx_word' id='word_1_109' title='bbox 1258 1517 1292 1580; x_wconf 93' lang='lat' dir='ltr'><strong>in</strong></span> 
     </span>
     <span class='ocr_line' id='line_1_13' title="bbox 172 1616 1292 1704; baseline 0.002 -24"><span class='ocrx_word' id='word_1_110' title='bbox 172 1633 235 1696; x_wconf 90' lang='lat' dir='ltr'><strong>qua</strong></span> <span class='ocrx_word' id='word_1_111' title='bbox 257 1616 385 1698; x_wconf 89' lang='lat' dir='ltr'><strong>quidem</strong></span> <span class='ocrx_word' id='word_1_112' title='bbox 406 1619 529 1684; x_wconf 91' lang='lat' dir='ltr'><strong>ratione</strong></span> <span class='ocrx_word' id='word_1_113' title='bbox 551 1626 700 1704; x_wconf 92' lang='lat' dir='ltr'><strong>apparet,</strong></span> <span class='ocrx_word' id='word_1_114' title='bbox 723 1619 877 1686; x_wconf 90' lang='lat' dir='ltr'><strong>unitatem</strong></span> <span class='ocrx_word' id='word_1_115' title='bbox 899 1618 1106 1702; x_wconf 84' lang='lat' dir='ltr'><strong>voluntatum,</strong></span> <span class='ocrx_word' id='word_1_116' title='bbox 1131 1638 1212 1700; x_wconf 91' lang='lat' dir='ltr'><strong>quae</strong></span> <span class='ocrx_word' id='word_1_117' title='bbox 1233 1638 1292 1700; x_wconf 90' lang='lat' dir='ltr'><strong>per</strong></span> 
     </span>
     <span class='ocr_line' id='line_1_14' title="bbox 169 1718 1289 1803; baseline 0.004 -20"><span class='ocrx_word' id='word_1_118' title='bbox 169 1718 356 1785; x_wconf 86' lang='lat' dir='ltr'><strong>uniformem</strong></span> <span class='ocrx_word' id='word_1_119' title='bbox 378 1726 498 1785; x_wconf 92' lang='lat' dir='ltr'><strong>motum</strong></span> <span class='ocrx_word' id='word_1_120' title='bbox 525 1720 618 1785; x_wconf 92' lang='lat' dir='ltr'><strong>datur</strong></span> <span class='ocrx_word' id='word_1_121' title='bbox 645 1720 796 1803; x_wconf 81' lang='lat' dir='ltr'><strong>intelligi,</strong></span> <span class='ocrx_word' id='word_1_122' title='bbox 828 1721 1014 1788; x_wconf 89' lang='lat' dir='ltr'><strong>concordiae</strong></span> <span class='ocrx_word' id='word_1_123' title='bbox 1042 1721 1182 1786; x_wconf 90' lang='lat' dir='ltr'><strong>radicem</strong></span> <span class='ocrx_word' id='word_1_124' title='bbox 1211 1739 1289 1803; x_wconf 87' lang='lat' dir='ltr'><strong>csse,</strong></span> 
     </span>
     <span class='ocr_line' id='line_1_15' title="bbox 170 1821 1339 1906; baseline -0.004 -20"><span class='ocrx_word' id='word_1_125' title='bbox 170 1822 223 1886; x_wconf 88' lang='lat' dir='ltr'><strong>vel</strong></span> <span class='ocrx_word' id='word_1_126' title='bbox 244 1821 348 1903; x_wconf 84' lang='lat' dir='ltr'><strong>ipsam</strong></span> <span class='ocrx_word' id='word_1_127' title='bbox 371 1821 580 1888; x_wconf 83' lang='lat' dir='ltr'><strong>concordiam.</strong></span> <span class='ocrx_word' id='word_1_128' title='bbox 624 1823 708 1888; x_wconf 90' lang='lat' dir='ltr'><strong>Nam</strong></span> <span class='ocrx_word' id='word_1_129' title='bbox 730 1823 811 1888; x_wconf 93' lang='lat' dir='ltr'><strong>sicut</strong></span> <span class='ocrx_word' id='word_1_130' title='bbox 837 1823 946 1904; x_wconf 91' lang='lat' dir='ltr'><strong>plures</strong></span> <span class='ocrx_word' id='word_1_131' title='bbox 974 1823 1086 1906; x_wconf 82' lang='lat' dir='ltr'><strong>glebas</strong></span> <span class='ocrx_word' id='word_1_132' title='bbox 1113 1821 1290 1888; x_wconf 86' lang='lat' dir='ltr'><strong>diceremus</strong></span> <span class='ocrx_word' id='word_1_133' title='bbox 1307 1832 1339 1882; x_wconf 81' lang='lat'><strong>25</strong></span> 
     </span>
     <span class='ocr_line' id='line_1_16' title="bbox 170 1923 1289 2009; baseline 0 -19"><span class='ocrx_word' id='word_1_134' title='bbox 170 1923 351 2009; x_wconf 88' lang='lat' dir='ltr'><strong>concordes,</strong></span> <span class='ocrx_word' id='word_1_135' title='bbox 369 1929 499 2008; x_wconf 89' lang='lat' dir='ltr'><strong>propter</strong></span> <span class='ocrx_word' id='word_1_136' title='bbox 515 1923 767 1991; x_wconf 78' lang='lat' dir='ltr'><strong>condescendere</strong></span> <span class='ocrx_word' id='word_1_137' title='bbox 783 1943 891 1991; x_wconf 91' lang='lat' dir='ltr'><strong>omnes</strong></span> <span class='ocrx_word' id='word_1_138' title='bbox 907 1924 949 1988; x_wconf 91' lang='lat' dir='ltr'><strong>ad</strong></span> <span class='ocrx_word' id='word_1_139' title='bbox 963 1924 1113 2009; x_wconf 90' lang='lat' dir='ltr'><strong>medium,</strong></span> <span class='ocrx_word' id='word_1_140' title='bbox 1136 1931 1169 1991; x_wconf 91' lang='lat' dir='ltr'><strong>et</strong></span> <span class='ocrx_word' id='word_1_141' title='bbox 1182 1923 1289 2007; x_wconf 86' lang='lat' dir='ltr'><strong>plures</strong></span> 
     </span>
     <span class='ocr_line' id='line_1_17' title="bbox 168 2023 1289 2115; baseline 0 -26"><span class='ocrx_word' id='word_1_142' title='bbox 168 2023 312 2091; x_wconf 89' lang='lat' dir='ltr'><strong>flammas</strong></span> <span class='ocrx_word' id='word_1_143' title='bbox 341 2034 471 2111; x_wconf 89' lang='lat' dir='ltr'><strong>propter</strong></span> <span class='ocrx_word' id='word_1_144' title='bbox 500 2025 710 2093; x_wconf 88' lang='lat' dir='ltr'><strong>coascendere</strong></span> <span class='ocrx_word' id='word_1_145' title='bbox 740 2045 849 2093; x_wconf 92' lang='lat' dir='ltr'><strong>omnes</strong></span> <span class='ocrx_word' id='word_1_146' title='bbox 871 2026 913 2090; x_wconf 87' lang='lat' dir='ltr'><strong>ad</strong></span> <span class='ocrx_word' id='word_1_147' title='bbox 936 2025 1232 2115; x_wconf 82' lang='lat' dir='ltr'><strong>circumferentiam,</strong></span> <span class='ocrx_word' id='word_1_148' title='bbox 1262 2025 1289 2089; x_wconf 89' lang='lat' dir='ltr'><strong>si</strong></span> 
     </span>
     <span class='ocr_line' id='line_1_18' title="bbox 168 2127 1287 2213; baseline -0.002 -21"><span class='ocrx_word' id='word_1_149' title='bbox 168 2128 346 2196; x_wconf 89' lang='lat' dir='ltr'><strong>voluntarie</strong></span> <span class='ocrx_word' id='word_1_150' title='bbox 362 2129 423 2194; x_wconf 94' lang='lat' dir='ltr'><strong>hoc</strong></span> <span class='ocrx_word' id='word_1_151' title='bbox 437 2130 592 2212; x_wconf 74' lang='lat' dir='ltr'><strong>facerent,</strong></span> <span class='ocrx_word' id='word_1_152' title='bbox 615 2129 661 2192; x_wconf 88' lang='lat' dir='ltr'><strong>ita</strong></span> <span class='ocrx_word' id='word_1_153' title='bbox 676 2128 821 2195; x_wconf 91' lang='lat' dir='ltr'><strong>homines</strong></span> <span class='ocrx_word' id='word_1_154' title='bbox 835 2130 942 2213; x_wconf 91' lang='lat' dir='ltr'><strong>plures</strong></span> <span class='ocrx_word' id='word_1_155' title='bbox 958 2129 1129 2195; x_wconf 90' lang='lat' dir='ltr'><strong>concordes</strong></span> <span class='ocrx_word' id='word_1_156' title='bbox 1145 2127 1287 2209; x_wconf 90' lang='lat' dir='ltr'><strong>dicimus,</strong></span> 
     </span>
     <span class='ocr_line' id='line_1_19' title="bbox 165 2228 1288 2315; baseline -0.004 -19"><span class='ocrx_word' id='word_1_157' title='bbox 165 2238 296 2315; x_wconf 88' lang='lat' dir='ltr'><strong>propter</strong></span> <span class='ocrx_word' id='word_1_158' title='bbox 323 2230 416 2296; x_wconf 91' lang='lat' dir='ltr'><strong>simul</strong></span> <span class='ocrx_word' id='word_1_159' title='bbox 445 2231 566 2296; x_wconf 92' lang='lat' dir='ltr'><strong>moveri</strong></span> <span class='ocrx_word' id='word_1_160' title='bbox 595 2230 767 2295; x_wconf 90' lang='lat' dir='ltr'><strong>secundum</strong></span> <span class='ocrx_word' id='word_1_161' title='bbox 796 2231 880 2295; x_wconf 90' lang='lat' dir='ltr'><strong>velle</strong></span> <span class='ocrx_word' id='word_1_162' title='bbox 909 2229 951 2294; x_wconf 93' lang='lat' dir='ltr'><strong>ad</strong></span> <span class='ocrx_word' id='word_1_163' title='bbox 978 2249 1090 2313; x_wconf 92' lang='lat' dir='ltr'><strong>unum,</strong></span> <span class='ocrx_word' id='word_1_164' title='bbox 1126 2228 1211 2312; x_wconf 91' lang='lat' dir='ltr'><strong>quod</strong></span> <span class='ocrx_word' id='word_1_165' title='bbox 1239 2232 1288 2293; x_wconf 92' lang='lat' dir='ltr'><strong>est</strong></span> 
     </span>
     <span class='ocr_line' id='line_1_20' title="bbox 165 2331 1334 2421; baseline -0.005 -25"><span class='ocrx_word' id='word_1_166' title='bbox 165 2331 339 2398; x_wconf 80' lang='lat' dir='ltr'><strong>formaliter</strong></span> <span class='ocrx_word' id='word_1_167' title='bbox 359 2333 399 2419; x_wconf 24' lang='lat' dir='ltr'><strong>in,</strong></span> <span class='ocrx_word' id='word_1_168' title='bbox 415 2333 480 2397; x_wconf 91' lang='lat' dir='ltr'><strong>suis</strong></span> <span class='ocrx_word' id='word_1_169' title='bbox 502 2332 734 2416; x_wconf 88' lang='lat' dir='ltr'><strong>voluntatibus,</strong></span> <span class='ocrx_word' id='word_1_170' title='bbox 764 2333 845 2398; x_wconf 90' lang='lat' dir='ltr'><strong>sicut</strong></span> <span class='ocrx_word' id='word_1_171' title='bbox 868 2335 1005 2415; x_wconf 88' lang='lat' dir='ltr'><strong>qualitas</strong></span> <span class='ocrx_word' id='word_1_172' title='bbox 1028 2354 1090 2399; x_wconf 92' lang='lat' dir='ltr'><strong>una</strong></span> <span class='ocrx_word' id='word_1_173' title='bbox 1111 2331 1286 2421; x_wconf 85' lang='lat' dir='ltr'><strong>formaliter</strong></span> <span class='ocrx_word' id='word_1_174' title='bbox 1303 2341 1334 2390; x_wconf 83' lang='lat' dir='ltr'><strong>so</strong></span> 
     </span>
     <span class='ocr_line' id='line_1_21' title="bbox 164 2416 1327 2519; baseline 0 -22"><span class='ocrx_word' id='word_1_175' title='bbox 164 2433 199 2497; x_wconf 92' lang='lat' dir='ltr'><strong>in</strong></span> <span class='ocrx_word' id='word_1_176' title='bbox 218 2433 332 2516; x_wconf 84' lang='lat' dir='ltr'><strong>glebis,</strong></span> <span class='ocrx_word' id='word_1_177' title='bbox 355 2434 477 2498; x_wconf 90' lang='lat' dir='ltr'><strong>scilicet</strong></span> <span class='ocrx_word' id='word_1_178' title='bbox 491 2435 641 2517; x_wconf 79' lang='lat' dir='ltr'><strong>gravitas,</strong></span> <span class='ocrx_word' id='word_1_179' title='bbox 665 2439 697 2500; x_wconf 93' lang='lat' dir='ltr'><strong>et</strong></span> <span class='ocrx_word' id='word_1_180' title='bbox 717 2454 781 2499; x_wconf 92' lang='lat' dir='ltr'><strong>una</strong></span> <span class='ocrx_word' id='word_1_181' title='bbox 802 2437 834 2500; x_wconf 88' lang='lat' dir='ltr'><strong>in</strong></span> <span class='ocrx_word' id='word_1_182' title='bbox 856 2435 1000 2519; x_wconf 90' lang='lat' dir='ltr'><strong>flammis,</strong></span> <span class='ocrx_word' id='word_1_183' title='bbox 1024 2436 1145 2502; x_wconf 87' lang='lat' dir='ltr'><strong>scilicet</strong></span> <span class='ocrx_word' id='word_1_184' title='bbox 1160 2433 1283 2501; x_wconf 88' lang='lat' dir='ltr'><strong>levitas.</strong></span> <span class='ocrx_word' id='word_1_185' title='bbox 1320 2416 1327 2432; x_wconf 75' lang='grc'><em>’</em></span> 
     </span>
     <span class='ocr_line' id='line_1_22' title="bbox 164 2533 1284 2622; baseline -0.001 -22"><span class='ocrx_word' id='word_1_186' title='bbox 164 2534 250 2600; x_wconf 89' lang='lat' dir='ltr'><strong>Nam</strong></span> <span class='ocrx_word' id='word_1_187' title='bbox 273 2534 372 2600; x_wconf 87' lang='lat' dir='ltr'><strong>virtus</strong></span> <span class='ocrx_word' id='word_1_188' title='bbox 395 2535 538 2618; x_wconf 90' lang='lat' dir='ltr'><strong>volitiva,</strong></span> <span class='ocrx_word' id='word_1_189' title='bbox 561 2535 704 2619; x_wconf 89' lang='lat' dir='ltr'><strong>potentia</strong></span> <span class='ocrx_word' id='word_1_190' title='bbox 726 2536 883 2618; x_wconf 88' lang='lat' dir='ltr'><strong>quaedam</strong></span> <span class='ocrx_word' id='word_1_191' title='bbox 906 2543 967 2621; x_wconf 74' lang='lat' dir='ltr'><strong>est,</strong></span> <span class='ocrx_word' id='word_1_192' title='bbox 992 2537 1049 2604; x_wconf 89' lang='lat' dir='ltr'><strong>sed</strong></span> <span class='ocrx_word' id='word_1_193' title='bbox 1065 2537 1187 2622; x_wconf 91' lang='lat' dir='ltr'><strong>species</strong></span> <span class='ocrx_word' id='word_1_194' title='bbox 1210 2533 1284 2600; x_wconf 92' lang='lat' dir='ltr'><strong>boni</strong></span> 
     </span>
     <span class='ocr_line' id='line_1_23' title="bbox 164 2634 1283 2722; baseline 0 -22"><span class='ocrx_word' id='word_1_195' title='bbox 164 2636 365 2720; x_wconf 89' lang='lat' dir='ltr'><strong>apprehensi,</strong></span> <span class='ocrx_word' id='word_1_196' title='bbox 381 2637 483 2703; x_wconf 89' lang='lat' dir='ltr'><strong>forma</strong></span> <span class='ocrx_word' id='word_1_197' title='bbox 498 2641 546 2703; x_wconf 92' lang='grc' dir='ltr'>θεῖ</span> <span class='ocrx_word' id='word_1_198' title='bbox 561 2637 638 2720; x_wconf 87' lang='lat' dir='ltr'><strong>eius,</strong></span> <span class='ocrx_word' id='word_1_199' title='bbox 656 2656 738 2717; x_wconf 89' lang='lat' dir='ltr'><strong>quae</strong></span> <span class='ocrx_word' id='word_1_200' title='bbox 751 2638 879 2720; x_wconf 87' lang='lat' dir='ltr'><strong>quidem</strong></span> <span class='ocrx_word' id='word_1_201' title='bbox 889 2639 999 2722; x_wconf 84' lang='lat' dir='ltr'><strong>forma,</strong></span> <span class='ocrx_word' id='word_1_202' title='bbox 1017 2634 1283 2720; x_wconf 91' lang='lat' dir='ltr'><strong>quemadmodum</strong></span> 
     </span>
    </p>

    <p class='ocr_par' dir='ltr' id='par_1_4' title="bbox 163 2736 1330 3026">
     <span class='ocr_line' id='line_1_24' title="bbox 164 2736 1282 2824; baseline -0.003 -20"><span class='ocrx_word' id='word_1_203' title='bbox 164 2740 197 2804; x_wconf 87' lang='lat' dir='ltr'><strong>et</strong></span> <span class='ocrx_word' id='word_1_204' title='bbox 217 2736 312 2822; x_wconf 88' lang='lat' dir='ltr'><strong>aliae,</strong></span> <span class='ocrx_word' id='word_1_205' title='bbox 337 2757 401 2803; x_wconf 89' lang='lat' dir='ltr'><strong>una</strong></span> <span class='ocrx_word' id='word_1_206' title='bbox 422 2738 455 2803; x_wconf 94' lang='lat' dir='ltr'><strong>in</strong></span> <span class='ocrx_word' id='word_1_207' title='bbox 477 2759 512 2805; x_wconf 92' lang='lat' dir='ltr'><strong>se</strong></span> <span class='ocrx_word' id='word_1_208' title='bbox 534 2738 771 2823; x_wconf 88' lang='lat' dir='ltr'><strong>multiplicatur,</strong></span> <span class='ocrx_word' id='word_1_209' title='bbox 794 2738 966 2804; x_wconf 91' lang='lat' dir='ltr'><strong>secundum</strong></span> <span class='ocrx_word' id='word_1_210' title='bbox 988 2738 1282 2824; x_wconf 91' lang='lat' dir='ltr'><strong>multiplicationem</strong></span> 
     </span>
     <span class='ocr_line' id='line_1_25' title="bbox 163 2839 1330 2925; baseline 0.001 -22"><span class='ocrx_word' id='word_1_211' title='bbox 163 2839 317 2906; x_wconf 90' lang='lat' dir='ltr'><strong>materiae</strong></span> <span class='ocrx_word' id='word_1_212' title='bbox 338 2840 534 2925; x_wconf 90' lang='lat' dir='ltr'><strong>recipientis,</strong></span> <span class='ocrx_word' id='word_1_213' title='bbox 564 2845 599 2904; x_wconf 89' lang='lat' dir='ltr'><strong>ut</strong></span> <span class='ocrx_word' id='word_1_214' title='bbox 621 2839 728 2904; x_wconf 90' lang='lat' dir='ltr'><strong>anima</strong></span> <span class='ocrx_word' id='word_1_215' title='bbox 750 2846 782 2906; x_wconf 87' lang='lat' dir='ltr'><strong>et</strong></span> <span class='ocrx_word' id='word_1_216' title='bbox 803 2859 966 2925; x_wconf 82' lang='lat' dir='ltr'><strong>numerm,</strong></span> <span class='ocrx_word' id='word_1_217' title='bbox 996 2847 1029 2907; x_wconf 91' lang='lat' dir='ltr'><strong>et</strong></span> <span class='ocrx_word' id='word_1_218' title='bbox 1055 2841 1139 2908; x_wconf 87' lang='lat' dir='ltr'><strong>aliae</strong></span> <span class='ocrx_word' id='word_1_219' title='bbox 1160 2839 1280 2907; x_wconf 85' lang='lat' dir='ltr'><strong>formae</strong></span> <span class='ocrx_word' id='word_1_220' title='bbox 1299 2848 1330 2898; x_wconf 82' lang='lat'><strong>35</strong></span> 
     </span>
     <span class='ocr_line' id='line_1_26' title="bbox 164 2942 632 3026; baseline 0.002 -21"><span class='ocrx_word' id='word_1_221' title='bbox 164 2942 387 3026; x_wconf 89' lang='lat' dir='ltr'><strong>compositioni</strong></span> <span class='ocrx_word' id='word_1_222' title='bbox 409 2943 632 3023; x_wconf 80' lang='lat' dir='ltr'><strong>contingentes.</strong></span> 
     </span>
    </p>
   </div>
   <div class='ocr_carea' id='block_1_3' title="bbox 153 3041 1349 4202">
    <p class='ocr_par' dir='ltr' id='par_1_5' title="bbox 153 3041 1349 4202">
     <span class='ocr_line' id='line_1_27' title="bbox 190 3041 1147 3129; baseline 0.002 -18"><span class='ocrx_word' id='word_1_223' title='bbox 190 3057 212 3091; x_wconf 88' lang='lat'><strong>¹²</strong></span> <span class='ocrx_word' id='word_1_224' title='bbox 228 3058 262 3111; x_wconf 92' lang='lat' dir='ltr'><strong>H.</strong></span> <span class='ocrx_word' id='word_1_225' title='bbox 273 3058 311 3111; x_wconf 91' lang='lat' dir='ltr'><strong>M.</strong></span> <span class='ocrx_word' id='word_1_226' title='bbox 320 3059 351 3112; x_wconf 85' lang='lat' dir='ltr'><strong>P.</strong></span> <span class='ocrx_word' id='word_1_227' title='bbox 362 3058 395 3111; x_wconf 88' lang='lat' dir='ltr'><strong>V.</strong></span> <span class='ocrx_word' id='word_1_228' title='bbox 406 3075 443 3112; x_wconf 84' lang='lat' dir='ltr'><strong>eea</strong></span> <span class='ocrx_word' id='word_1_229' title='bbox 456 3064 540 3129; x_wconf 82' lang='lat' dir='ltr'><strong>parte</strong></span> <span class='ocrx_word' id='word_1_230' title='bbox 554 3074 616 3112; x_wconf 86' lang='lat' dir='ltr'><strong>aero</strong></span> <span class='ocrx_word' id='word_1_231' title='bbox 632 3058 699 3111; x_wconf 81' lang='lat' dir='ltr'><strong>neul‘</strong></span> <span class='ocrx_word' id='word_1_232' title='bbox 774 3057 798 3090; x_wconf 89' lang='lat'><strong>²²</strong></span> <span class='ocrx_word' id='word_1_233' title='bbox 815 3041 896 3112; x_wconf 63' lang='lat' dir='ltr'><strong>HJP.</strong></span> <span class='ocrx_word' id='word_1_234' title='bbox 915 3057 1042 3126; x_wconf 79' lang='lat' dir='ltr'><strong>informis</strong></span> <span class='ocrx_word' id='word_1_235' title='bbox 1060 3064 1147 3113; x_wconf 85' lang='lat' dir='ltr'><strong>motus</strong></span> 
     </span>
     <span class='ocr_line' id='line_1_28' title="bbox 223 3142 1243 3214; baseline 0 -17"><span class='ocrx_word' id='word_1_236' title='bbox 223 3143 335 3213; x_wconf 78' lang='lat' dir='ltr'><strong>plurale</strong></span> <span class='ocrx_word' id='word_1_237' title='bbox 773 3143 796 3176; x_wconf 76' lang='lat'><strong>²²</strong></span> <span class='ocrx_word' id='word_1_238' title='bbox 813 3142 846 3195; x_wconf 92' lang='lat' dir='ltr'><strong>H.</strong></span> <span class='ocrx_word' id='word_1_239' title='bbox 865 3142 895 3195; x_wconf 85' lang='lat' dir='ltr'><strong>P.</strong></span> <span class='ocrx_word' id='word_1_240' title='bbox 908 3159 963 3213; x_wconf 81' lang='lat' dir='ltr'><strong>per</strong></span> <span class='ocrx_word' id='word_1_241' title='bbox 980 3145 1124 3214; x_wconf 84' lang='lat' dir='ltr'><strong>informem</strong></span> <span class='ocrx_word' id='word_1_242' title='bbox 1142 3151 1243 3198; x_wconf 84' lang='lat' dir='ltr'><strong>motum</strong></span> 
     </span>
     <span class='ocr_line' id='line_1_29' title="bbox 188 3227 1244 3299; baseline 0.002 -19"><span class='ocrx_word' id='word_1_243' title='bbox 188 3227 209 3259; x_wconf 79' lang='lat'><strong>¹²</strong></span> <span class='ocrx_word' id='word_1_244' title='bbox 227 3228 260 3282; x_wconf 82' lang='lat' dir='ltr'><strong>A.</strong></span> <span class='ocrx_word' id='word_1_245' title='bbox 278 3228 309 3281; x_wconf 88' lang='lat' dir='ltr'><strong>F.</strong></span> <span class='ocrx_word' id='word_1_246' title='bbox 327 3228 358 3282; x_wconf 86' lang='lat' dir='ltr'><strong>V.</strong></span> <span class='ocrx_word' id='word_1_247' title='bbox 376 3227 448 3283; x_wconf 86' lang='lat' dir='ltr'><strong>nibil</strong></span> <span class='ocrx_word' id='word_1_248' title='bbox 462 3228 538 3283; x_wconf 80' lang='lat' dir='ltr'><strong>alind</strong></span> <span class='ocrx_word' id='word_1_249' title='bbox 554 3236 595 3282; x_wconf 85' lang='lat' dir='ltr'><strong>est</strong></span> <span class='ocrx_word' id='word_1_250' title='bbox 771 3229 795 3262; x_wconf 82' lang='lat'><strong>²⁷</strong></span> <span class='ocrx_word' id='word_1_251' title='bbox 812 3228 843 3280; x_wconf 88' lang='lat' dir='ltr'><strong>F.</strong></span> <span class='ocrx_word' id='word_1_252' title='bbox 860 3228 890 3281; x_wconf 87' lang='lat' dir='ltr'><strong>P.</strong></span> <span class='ocrx_word' id='word_1_253' title='bbox 908 3229 1047 3284; x_wconf 81' lang='lat' dir='ltr'><strong>coercerat.</strong></span> <span class='ocrx_word' id='word_1_254' title='bbox 1066 3229 1104 3284; x_wconf 82' lang='lat' dir='ltr'><strong>aa</strong></span> <span class='ocrx_word' id='word_1_255' title='bbox 1119 3229 1244 3299; x_wconf 83' lang='lat' dir='ltr'><strong>circumf.</strong></span> 
     </span>
     <span class='ocr_line' id='line_1_30' title="bbox 190 3309 1198 3386; baseline 0.003 -20"><span class='ocrx_word' id='word_1_256' title='bbox 190 3315 211 3346; x_wconf 77' lang='lat'><strong>¹⁵</strong></span> <span class='ocrx_word' id='word_1_257' title='bbox 227 3312 258 3366; x_wconf 90' lang='lat' dir='ltr'><strong>P.</strong></span> <span class='ocrx_word' id='word_1_258' title='bbox 273 3314 347 3384; x_wconf 84' lang='lat' dir='ltr'><strong>qaod</strong></span> <span class='ocrx_word' id='word_1_259' title='bbox 368 3313 474 3382; x_wconf 84' lang='lat' dir='ltr'><strong>quidem</strong></span> <span class='ocrx_word' id='word_1_260' title='bbox 492 3314 607 3385; x_wconf 85' lang='lat' dir='ltr'><strong>spiritns</strong></span> <span class='ocrx_word' id='word_1_261' title='bbox 773 3312 796 3345; x_wconf 81' lang='lat'><strong>²²</strong></span> <span class='ocrx_word' id='word_1_262' title='bbox 813 3312 843 3366; x_wconf 89' lang='lat' dir='ltr'><strong>P.</strong></span> <span class='ocrx_word' id='word_1_263' title='bbox 857 3319 976 3386; x_wconf 79' lang='lat' dir='ltr'><strong>propter</strong></span> <span class='ocrx_word' id='word_1_264' title='bbox 992 3315 1078 3369; x_wconf 86' lang='lat' dir='ltr'><strong>simile</strong></span> <span class='ocrx_word' id='word_1_265' title='bbox 1096 3309 1198 3369; x_wconf 81' lang='lat' dir='ltr'><strong>moveri</strong></span> 
     </span>
     <span class='ocr_line' id='line_1_31' title="bbox 228 3389 1278 3470; baseline 0.003 -19"><span class='ocrx_word' id='word_1_266' title='bbox 228 3397 296 3451; x_wconf 85' lang='lat' dir='ltr'><strong>Edd.</strong></span> <span class='ocrx_word' id='word_1_267' title='bbox 315 3397 415 3452; x_wconf 78' lang='lat' dir='ltr'><strong>Psalan.</strong></span> <span class='ocrx_word' id='word_1_268' title='bbox 435 3389 499 3452; x_wconf 80' lang='lat' dir='ltr'><strong>deire</strong></span> <span class='ocrx_word' id='word_1_269' title='bbox 516 3397 569 3452; x_wconf 83' lang='lat' dir='ltr'><strong>oid.</strong></span> <span class='ocrx_word' id='word_1_270' title='bbox 829 3398 1278 3470; x_wconf 82' lang='lat' dir='ltr'><strong>secandamaellenonlegiturinF.</strong></span> 
     </span>
     <span class='ocr_line' id='line_1_32' title="bbox 191 3481 1279 3554; baseline 0.003 -19"><span class='ocrx_word' id='word_1_271' title='bbox 191 3483 211 3514; x_wconf 84' lang='lat'><strong>¹⁷</strong></span> <span class='ocrx_word' id='word_1_272' title='bbox 228 3482 262 3535; x_wconf 91' lang='lat' dir='ltr'><strong>H.</strong></span> <span class='ocrx_word' id='word_1_273' title='bbox 283 3481 391 3536; x_wconf 79' lang='lat' dir='ltr'><strong>Constat</strong></span> <span class='ocrx_word' id='word_1_274' title='bbox 408 3497 483 3553; x_wconf 75' lang='lat' dir='ltr'><strong>erqo,</strong></span> <span class='ocrx_word' id='word_1_275' title='bbox 771 3483 795 3516; x_wconf 84' lang='lat'><strong>³⁰</strong></span> <span class='ocrx_word' id='word_1_276' title='bbox 810 3483 880 3538; x_wconf 85' lang='lat' dir='ltr'><strong>Edd.</strong></span> <span class='ocrx_word' id='word_1_277' title='bbox 893 3484 1050 3554; x_wconf 77' lang='lat' dir='ltr'><strong>formaliter</strong></span> <span class='ocrx_word' id='word_1_278' title='bbox 1064 3485 1279 3539; x_wconf 79' lang='lat' dir='ltr'><strong>inuolarrtatibas</strong></span> 
     </span>
     <span class='ocr_line' id='line_1_33' title="bbox 189 3565 1276 3640; baseline 0.006 -22"><span class='ocrx_word' id='word_1_279' title='bbox 189 3567 210 3598; x_wconf 87' lang='lat'><strong>¹⁸</strong></span> <span class='ocrx_word' id='word_1_280' title='bbox 227 3565 258 3618; x_wconf 88' lang='lat' dir='ltr'><strong>F.</strong></span> <span class='ocrx_word' id='word_1_281' title='bbox 284 3566 430 3621; x_wconf 79' lang='lat' dir='ltr'><strong>eorrearrlr&#39;a</strong></span> <span class='ocrx_word' id='word_1_282' title='bbox 455 3565 536 3618; x_wconf 83' lang='lat' dir='ltr'><strong>etiarn</strong></span> <span class='ocrx_word' id='word_1_283' title='bbox 561 3572 692 3635; x_wconf 81' lang='lat' dir='ltr'><strong>qnantum</strong></span> <span class='ocrx_word' id='word_1_284' title='bbox 810 3599 843 3606; x_wconf 92' lang='lat'>—</span> <span class='ocrx_word' id='word_1_285' title='bbox 856 3568 886 3623; x_wconf 88' lang='lat' dir='ltr'><strong>P.</strong></span> <span class='ocrx_word' id='word_1_286' title='bbox 898 3569 1006 3639; x_wconf 76' lang='lat' dir='ltr'><strong>arrident</strong></span> <span class='ocrx_word' id='word_1_287' title='bbox 1020 3570 1104 3640; x_wconf 84' lang='lat' dir='ltr'><strong>forne.</strong></span> <span class='ocrx_word' id='word_1_288' title='bbox 1115 3571 1143 3624; x_wconf 80' lang='lat' dir='ltr'><strong>in</strong></span> <span class='ocrx_word' id='word_1_289' title='bbox 1159 3569 1276 3624; x_wconf 65' lang='lat' dir='ltr'><strong>mucel.</strong></span> 
     </span>
     <span class='ocr_line' id='line_1_34' title="bbox 225 3647 1156 3726; baseline 0.004 -23"><span class='ocrx_word' id='word_1_290' title='bbox 225 3648 306 3703; x_wconf 83' lang='lat' dir='ltr'><strong>baias</strong></span> <span class='ocrx_word' id='word_1_291' title='bbox 320 3649 353 3717; x_wconf 81' lang='lat' dir='ltr'><strong>fit</strong></span> <span class='ocrx_word' id='word_1_292' title='bbox 369 3647 505 3720; x_wconf 78' lang='lat' dir='ltr'><strong>quoddam</strong></span> <span class='ocrx_word' id='word_1_293' title='bbox 826 3652 858 3704; x_wconf 90' lang='lat' dir='ltr'><strong>F.</strong></span> <span class='ocrx_word' id='word_1_294' title='bbox 876 3655 946 3709; x_wconf 85' lang='lat' dir='ltr'><strong>sicat</strong></span> <span class='ocrx_word' id='word_1_295' title='bbox 962 3656 1084 3726; x_wconf 68' lang='lat' dir='ltr'><strong>pravitas</strong></span> <span class='ocrx_word' id='word_1_296' title='bbox 1100 3670 1156 3708; x_wconf 90' lang='lat' dir='ltr'><strong>ana</strong></span> 
     </span>
     <span class='ocr_line' id='line_1_35' title="bbox 187 3732 1099 3795; baseline 0.01 -10"><span class='ocrx_word' id='word_1_297' title='bbox 187 3732 208 3765; x_wconf 82' lang='lat'><strong>¹²</strong></span> <span class='ocrx_word' id='word_1_298' title='bbox 224 3732 294 3786; x_wconf 86' lang='lat' dir='ltr'><strong>Edd.</strong></span> <span class='ocrx_word' id='word_1_299' title='bbox 313 3749 371 3788; x_wconf 88' lang='lat' dir='ltr'><strong>earn</strong></span> <span class='ocrx_word' id='word_1_300' title='bbox 390 3735 535 3788; x_wconf 76' lang='lat' dir='ltr'><strong>consistere</strong></span> <span class='ocrx_word' id='word_1_301' title='bbox 768 3738 791 3770; x_wconf 73' lang='lat'><strong>²²</strong></span> <span class='ocrx_word' id='word_1_302' title='bbox 808 3739 840 3790; x_wconf 89' lang='lat' dir='ltr'><strong>A.</strong></span> <span class='ocrx_word' id='word_1_303' title='bbox 860 3740 946 3793; x_wconf 83' lang='lat' dir='ltr'><strong>virtus</strong></span> <span class='ocrx_word' id='word_1_304' title='bbox 962 3741 1099 3795; x_wconf 76' lang='lat' dir='ltr'><strong>calantica</strong></span> 
     </span>
     <span class='ocr_line' id='line_1_36' title="bbox 183 3817 1118 3879; baseline 0.009 -9"><span class='ocrx_word' id='word_1_305' title='bbox 183 3817 206 3850; x_wconf 86' lang='lat'><strong>²¹</strong></span> <span class='ocrx_word' id='word_1_306' title='bbox 223 3817 256 3870; x_wconf 90' lang='lat' dir='ltr'><strong>F.</strong></span> <span class='ocrx_word' id='word_1_307' title='bbox 275 3818 301 3870; x_wconf 86' lang='lat' dir='ltr'><strong>si</strong></span> <span class='ocrx_word' id='word_1_308' title='bbox 317 3821 416 3871; x_wconf 81' lang='lat' dir='ltr'><strong>rratara</strong></span> <span class='ocrx_word' id='word_1_309' title='bbox 433 3818 476 3874; x_wconf 84' lang='lat' dir='ltr'><strong>ael</strong></span> <span class='ocrx_word' id='word_1_310' title='bbox 491 3820 577 3875; x_wconf 80' lang='lat' dir='ltr'><strong>radix</strong></span> <span class='ocrx_word' id='word_1_311' title='bbox 767 3822 790 3854; x_wconf 80' lang='lat'><strong>³⁵</strong></span> <span class='ocrx_word' id='word_1_312' title='bbox 807 3822 838 3874; x_wconf 93' lang='lat' dir='ltr'><strong>F.</strong></span> <span class='ocrx_word' id='word_1_313' title='bbox 857 3829 884 3876; x_wconf 88' lang='lat' dir='ltr'><strong>et</strong></span> <span class='ocrx_word' id='word_1_314' title='bbox 900 3824 972 3879; x_wconf 87' lang='lat' dir='ltr'><strong>aliae</strong></span> <span class='ocrx_word' id='word_1_315' title='bbox 989 3825 1118 3878; x_wconf 85' lang='lat' dir='ltr'><strong>materiae</strong></span> 
     </span>
     <span class='ocr_line' id='line_1_37' title="bbox 226 3917 1273 3994; baseline 0.008 -24"><span class='ocrx_word' id='word_1_316' title='bbox 226 3919 247 3950; x_wconf 82' lang='lat'><strong>¹³</strong></span> <span class='ocrx_word' id='word_1_317' title='bbox 263 3917 366 3972; x_wconf 90' lang='lat' dir='ltr'><strong>Ibidem</strong></span> <span class='ocrx_word' id='word_1_318' title='bbox 383 3920 402 3973; x_wconf 91' lang='lat' dir='ltr'><strong>I.</strong></span> <span class='ocrx_word' id='word_1_319' title='bbox 421 3925 445 3974; x_wconf 81' lang='lat'><strong>5.</strong></span> <span class='ocrx_word' id='word_1_320' title='bbox 481 3920 516 3975; x_wconf 85' lang='lat' dir='ltr'><strong>cf.</strong></span> <span class='ocrx_word' id='word_1_321' title='bbox 535 3923 678 3994; x_wconf 85' lang='lat' dir='ltr'><strong>Aucnorus</strong></span> <span class='ocrx_word' id='word_1_322' title='bbox 689 3921 844 3976; x_wconf 83' lang='lat' dir='ltr'><strong>Convivium</strong></span> <span class='ocrx_word' id='word_1_323' title='bbox 861 3925 895 3978; x_wconf 86' lang='lat'><strong>11.</strong></span> <span class='ocrx_word' id='word_1_324' title='bbox 915 3931 953 3979; x_wconf 75' lang='lat'><strong>14.</strong></span> <span class='ocrx_word' id='word_1_325' title='bbox 977 3924 1141 3994; x_wconf 71' lang='lat' dir='ltr'><strong>„Pittaaera</strong></span> <span class='ocrx_word' id='word_1_326' title='bbox 1158 3923 1273 3978; x_wconf 83' lang='lat' dir='ltr'><strong>secondo</strong></span> 
     </span>
     <span class='ocr_line' id='line_1_38' title="bbox 156 3983 1349 4114; baseline 0.007 -76"><span class='ocrx_word' id='word_1_327' title='bbox 156 3983 204 4038; x_wconf 78' lang='lat' dir='ltr'><strong>cde</strong></span> <span class='ocrx_word' id='word_1_328' title='bbox 221 3984 280 4039; x_wconf 83' lang='lat' dir='ltr'><strong>diae</strong></span> <span class='ocrx_word' id='word_1_329' title='bbox 297 3987 437 4042; x_wconf 76' lang='lat' dir='ltr'><strong>Aristotele</strong></span> <span class='ocrx_word' id='word_1_330' title='bbox 453 3991 602 4114; x_wconf 58' lang='lat' dir='ltr'><strong>nelprimo</strong></span> <span class='ocrx_word' id='word_1_331' title='bbox 619 3990 691 4045; x_wconf 83' lang='lat' dir='ltr'><strong>della</strong></span> <span class='ocrx_word' id='word_1_332' title='bbox 708 3990 814 4056; x_wconf 68' lang='lat' dir='ltr'><strong>Fidae,</strong></span> <span class='ocrx_word' id='word_1_333' title='bbox 828 4008 938 4062; x_wconf 80' lang='lat' dir='ltr'><strong>praeca</strong></span> <span class='ocrx_word' id='word_1_334' title='bbox 955 3995 966 4047; x_wconf 88' lang='lat' dir='ltr'><strong>i</strong></span> <span class='ocrx_word' id='word_1_335' title='bbox 977 3995 1113 4063; x_wconf 74' lang='lat' dir='ltr'><strong>principii</strong></span> <span class='ocrx_word' id='word_1_336' title='bbox 1126 3991 1196 4046; x_wconf 84' lang='lat' dir='ltr'><strong>clelle</strong></span> <span class='ocrx_word' id='word_1_337' title='bbox 1213 4007 1274 4046; x_wconf 86' lang='lat' dir='ltr'><strong>cose</strong></span> <span class='ocrx_word' id='word_1_338' title='bbox 1347 4031 1349 4035; x_wconf 80' lang='lat'>·</span> 
     </span>
     <span class='ocr_line' id='line_1_39' title="bbox 155 4054 1273 4130; baseline 0.007 -24"><span class='ocrx_word' id='word_1_339' title='bbox 155 4055 278 4108; x_wconf 90' lang='lat' dir='ltr'><strong>natarali</strong></span> <span class='ocrx_word' id='word_1_340' title='bbox 295 4054 321 4108; x_wconf 93' lang='lat' dir='ltr'><strong>lo</strong></span> <span class='ocrx_word' id='word_1_341' title='bbox 334 4059 433 4125; x_wconf 83' lang='lat' dir='ltr'><strong>paria</strong></span> <span class='ocrx_word' id='word_1_342' title='bbox 452 4057 477 4111; x_wconf 92' lang='lat' dir='ltr'><strong>lo</strong></span> <span class='ocrx_word' id='word_1_343' title='bbox 521 4059 609 4130; x_wconf 84' lang='lat' dir='ltr'><strong>ispari</strong></span> <span class='ocrx_word' id='word_1_344' title='bbox 675 4061 696 4092; x_wconf 79' lang='lat'><strong>¹⁵</strong></span> <span class='ocrx_word' id='word_1_345' title='bbox 713 4058 758 4112; x_wconf 84' lang='lat' dir='ltr'><strong>Ps.</strong></span> <span class='ocrx_word' id='word_1_346' title='bbox 777 4064 801 4111; x_wconf 84' lang='grc'><strong>4.</strong></span> <span class='ocrx_word' id='word_1_347' title='bbox 820 4077 843 4113; x_wconf 91' lang='lat' dir='ltr'><strong>v.</strong></span> <span class='ocrx_word' id='word_1_348' title='bbox 862 4064 886 4114; x_wconf 81' lang='lat'><strong>8.</strong></span> <span class='ocrx_word' id='word_1_349' title='bbox 956 4062 979 4095; x_wconf 79' lang='lat'><strong>³⁵</strong></span> <span class='ocrx_word' id='word_1_350' title='bbox 997 4061 1107 4125; x_wconf 91' lang='lat' dir='ltr'><strong>Anima,</strong></span> <span class='ocrx_word' id='word_1_351' title='bbox 1132 4075 1186 4114; x_wconf 82' lang='lat' dir='ltr'><strong>unu</strong></span> <span class='ocrx_word' id='word_1_352' title='bbox 1202 4059 1273 4115; x_wconf 86' lang='lat' dir='ltr'><strong>inse</strong></span> 
     </span>
     <span class='ocr_line' id='line_1_40' title="bbox 153 4121 1272 4202; baseline 0.006 -26"><span class='ocrx_word' id='word_1_353' title='bbox 153 4121 357 4202; x_wconf 86' lang='lat' dir='ltr'><strong>multiplicatur,</strong></span> <span class='ocrx_word' id='word_1_354' title='bbox 368 4128 409 4178; x_wconf 87' lang='grc' dir='ltr'>θεῖ</span> <span class='ocrx_word' id='word_1_355' title='bbox 418 4125 652 4195; x_wconf 85' lang='lat' dir='ltr'><strong>enimvegetativa,</strong></span> <span class='ocrx_word' id='word_1_356' title='bbox 664 4127 799 4191; x_wconf 85' lang='lat' dir='ltr'><strong>sensitiva,</strong></span> <span class='ocrx_word' id='word_1_357' title='bbox 814 4127 856 4181; x_wconf 89' lang='lat' dir='ltr'><strong>vel</strong></span> <span class='ocrx_word' id='word_1_358' title='bbox 864 4128 1012 4184; x_wconf 83' lang='lat' dir='ltr'><strong>rationalis.</strong></span> <span class='ocrx_word' id='word_1_359' title='bbox 1048 4131 1089 4182; x_wconf 89' lang='lat' dir='ltr'><strong>lta</strong></span> <span class='ocrx_word' id='word_1_360' title='bbox 1101 4136 1127 4184; x_wconf 88' lang='lat' dir='ltr'><strong>et</strong></span> <span class='ocrx_word' id='word_1_361' title='bbox 1136 4143 1272 4193; x_wconf 85' lang='lat' dir='ltr'><strong>numerus,</strong></span> 
     </span>
    </p>
   </div>
   <div class='ocr_carea' id='block_1_4' title="bbox 151 4192 1274 4330">
    <p class='ocr_par' dir='ltr' id='par_1_6' title="bbox 151 4192 1274 4330">
     <span class='ocr_line' id='line_1_41' title="bbox 151 4192 1274 4314; baseline 0.006 -71"><span class='ocrx_word' id='word_1_362' title='bbox 151 4206 221 4244; x_wconf 87' lang='lat' dir='ltr'><strong>unus</strong></span> <span class='ocrx_word' id='word_1_363' title='bbox 240 4206 269 4269; x_wconf 80' lang='lat' dir='ltr'>m</span> <span class='ocrx_word' id='word_1_364' title='bbox 287 4206 329 4255; x_wconf 90' lang='grc' dir='ltr'>εθ,</span> <span class='ocrx_word' id='word_1_365' title='bbox 354 4206 377 4245; x_wconf 90' lang='grc' dir='ltr'>θ.</span> <span class='ocrx_word' id='word_1_366' title='bbox 390 4208 434 4314; x_wconf 54' lang='lat' dir='ltr'><strong>pr.</strong></span> <span class='ocrx_word' id='word_1_367' title='bbox 459 4192 597 4261; x_wconf 88' lang='lat' dir='ltr'><strong>denarius,</strong></span> <span class='ocrx_word' id='word_1_368' title='bbox 629 4194 822 4264; x_wconf 88' lang='lat' dir='ltr'><strong>multiplicatur</strong></span> <span class='ocrx_word' id='word_1_369' title='bbox 851 4197 999 4252; x_wconf 88' lang='lat' dir='ltr'><strong>secundum</strong></span> <span class='ocrx_word' id='word_1_370' title='bbox 1026 4198 1274 4267; x_wconf 80' lang='lat' dir='ltr'><strong>multiplicationem</strong></span> 
     </span>
     <span class='ocr_line' id='line_1_42' title="bbox 152 4263 870 4330; baseline 0.007 -19"><span class='ocrx_word' id='word_1_371' title='bbox 152 4263 288 4324; x_wconf 87' lang='lat' dir='ltr'><strong>matemae,</strong></span> <span class='ocrx_word' id='word_1_372' title='bbox 307 4265 373 4328; x_wconf 85' lang='lat' dir='ltr'><strong>puta</strong></span> <span class='ocrx_word' id='word_1_373' title='bbox 408 4276 481 4315; x_wconf 87' lang='lat' dir='ltr'><strong>ecem</strong></span> <span class='ocrx_word' id='word_1_374' title='bbox 499 4279 580 4330; x_wconf 86' lang='lat' dir='ltr'><strong>asses,</strong></span> <span class='ocrx_word' id='word_1_375' title='bbox 598 4265 640 4319; x_wconf 88' lang='lat' dir='ltr'><strong>vel</strong></span> <span class='ocrx_word' id='word_1_376' title='bbox 657 4264 748 4320; x_wconf 91' lang='lat' dir='ltr'><strong>decem</strong></span> <span class='ocrx_word' id='word_1_377' title='bbox 766 4280 870 4320; x_wconf 88' lang='lat' dir='ltr'><strong>aureos.</strong></span> 
     </span>
    </p>
   </div>
   <div class='ocr_carea' id='block_1_5' title="bbox 0 0 1474 4808">
    <p class='ocr_par' dir='ltr' id='par_1_7' title="bbox 0 0 1474 4808">
     <span class='ocr_line' id='line_1_43' title="bbox 0 0 1474 4808; baseline 0 8"><span class='ocrx_word' id='word_1_378' title='bbox 0 0 1474 4808; x_wconf 95' lang='lat' dir='ltr'><strong> </strong></span> 
     </span>
    </p>
   </div>
  </div>
 </body>
</html>
