2940 4808
340 320 475 376 DANTIS
495 320 715 376 MONARcHIA
731 321 751 374 Ι.
771 321 801 376 0.
824 325 861 376 13.
879 324 941 389 (15),
962 327 1002 376 14.
1020 325 1082 389 (16).
1236 317 1275 378 27

155 495 274 562 habere
295 499 409 580 potest.
454 495 544 575 Quae
567 494 628 560 duo
657 494 923 580 principalissima
945 494 1120 577 legislatori
1142 498 1174 559 et
1194 493 1276 575 legis

154 597 317 666 executori
346 597 552 679 oonueniunt,
581 600 718 662 testante
740 597 828 678 Rege
850 597 906 663 illo
935 598 1150 682 sanctissimo,
1179 617 1275 679 quum
1293 609 1326 660 lo

155 699 376 767 eonvenientia
403 699 471 781 regi
499 704 531 765 et
558 697 624 763 filio
651 697 737 780 rogis
764 700 948 784 postulabat
978 719 998 763 a
1020 698 1106 765 Deo:
1138 699 1277 784 ‚‚Deus,“

153 801 320 884 inquiebat
347 800 519 900 „iudicium
546 807 636 864 tuum
663 800 731 881 regi
761 800 818 884 da,
854 806 887 867 et
914 801 1067 866 iustitiam
1094 808 1182 866 tuam
1209 801 1275 868 filio

156 901 272 987 rogis.“

239 1004 326 1070 Bene
348 1004 444 1085 igitur
474 1003 593 1069 dietum
620 1007 683 1088 est,
714 1023 810 1087 quum
839 1003 953 1069 dieitur
972 1004 1005 1070 in
1034 1004 1274 1088 subadsumpta,

156 1106 242 1188 quod
262 1107 436 1172 Monaroha
458 1107 545 1172 solus
568 1109 616 1170 est
638 1105 704 1189 ille,
728 1105 783 1188 qui
803 1109 909 1189 potest
932 1127 1002 1173 esse
1024 1106 1143 1189 optime
1166 1105 1272 1192 dispo·
1291 1116 1324 1166 45

153 1208 233 1274 situs
245 1208 288 1272 ad
298 1207 481 1290 regendum.
504 1207 589 1290 Ergo
601 1208 774 1274 Monaroha
785 1208 871 1273 solus
883 1208 1001 1291 optime
1012 1208 1094 1273 alios
1105 1207 1275 1292 disponere

153 1314 268 1396 potest.
290 1309 341 1374 Ex
354 1310 578 1393 (prosequitur,
598 1309 684 1391 quod
696 1309 739 1374 ad
751 1309 902 1394 optimam
914 1309 1024 1374 mundi
1034 1308 1275 1392 dispositionem

155 1411 340 1478 Monarchia
362 1411 405 1478 sit
425 1412 616 1479 necessaria.

542 1670 663 1746 [oAPur
683 1685 755 1732 xiv.
779 1653 891 1750 (iuml

238 1818 281 1882 Fit
309 1817 395 1899 quod
421 1823 527 1902 potest
554 1818 624 1884 fieri
650 1839 708 1904 por
734 1826 845 1901 unum,
873 1819 988 1885 molius
1016 1826 1066 1887 est
1093 1838 1275 1906 perunum
1349 1855 1363 1874 ι

151 1919 222 1987 fieri
251 1939 346 2002 quam
373 1920 554 2004 perplura.
597 1921 692 2000 Quod
712 1920 759 1987 sio
781 1920 973 1987 declaratur:
999 1919 1052 1996 sit
1079 1941 1191 2005 unum,
1218 1941 1275 2007 per

154 2021 241 2105 quod
262 2020 386 2104 aliquid
407 2021 475 2088 fiori
496 2026 611 2107 potest,
634 2023 672 2106 A,
696 2027 728 2089 et
750 2025 813 2088 sint
833 2024 935 2109 plura,
957 2044 1016 2109 per
1031 2043 1112 2106 quae
1128 2022 1275 2088 similiter

152 2123 235 2190 illud
256 2122 326 2189 fieri
345 2127 461 2208 potest,
482 2124 512 2188 A
534 2129 566 2188 et
587 2123 623 2189 B.
669 2124 705 2191 Si
726 2144 801 2207 ergo
823 2124 905 2189 illud
933 2124 1020 2189 idem
1050 2124 1136 2204 quod
1157 2125 1192 2189 fit
1213 2144 1271 2210 per

152 2227 183 2292 A
205 2231 238 2292 et
259 2225 302 2311 B,
325 2230 431 2311 potest
452 2224 521 2290 fiori
542 2245 600 2311 per
621 2226 651 2291 A
672 2229 804 2310 tantum,
827 2226 943 2291 frustra
963 2225 1009 2291 ibi
1031 2225 1209 2292 adsumitur
1230 2227 1272 2310 B;
1293 2249 1306 2297 5

153 2329 230 2411 quia
252 2328 415 2413 exipsius
437 2326 659 2412 adsumptione
680 2327 761 2393 nihil
783 2328 940 2411 sequitur,
969 2347 1066 2410 quum
1087 2329 1174 2414 prius
1195 2330 1277 2394 illud

152 2430 240 2496 idem
261 2429 359 2496 fiebat
380 2450 438 2515 per
459 2431 488 2496 A
510 2430 621 2495 solum.
665 2430 707 2494 Et
737 2449 832 2512 quum
861 2431 963 2497 omnis
992 2431 1066 2496 talis
1094 2430 1274 2514 adsumptio

153 2531 195 2598 sit
218 2532 321 2599 otiosa
343 2531 412 2598 sive
434 2530 601 2616 superflua,
625 2535 657 2598 ot
673 2552 765 2598 omne
787 2532 979 2617 superfluum
993 2533 1064 2599 Doo
1087 2537 1119 2599 et
1133 2533 1274 2598 Naturae

153 2633 331 2719 displiceat,
354 2637 387 2699 et
401 2652 492 2699 omne
515 2631 602 2715 quod
616 2632 686 2700 Deo
707 2637 739 2700 et
753 2635 894 2699 Naturae
910 2633 1067 2719 displioet,
1089 2633 1131 2698 sit
1146 2634 1273 2718 malum,

152 2740 189 2801 ut
209 2735 411 2800 manifestum
433 2730 482 2800 ost
504 2734 544 2799 de
566 2753 615 2817 se;
646 2734 803 2818 sequitur,
826 2755 890 2800 non
911 2736 1013 2802 solum
1035 2734 1181 2800 melius
1203 2756 1274 2802 esse
1294 2759 1325 2808 10

151 2835 221 2905 fieri
242 2855 426 2921 perunum,
450 2835 477 2900 si
491 2834 560 2900 fieri
580 2841 696 2921 potest,
720 2856 814 2918 quam
836 2836 905 2903 fieri
918 2848 976 2921 per
989 2838 1091 2921 plura,
1114 2836 1172 2903 sed
1187 2837 1273 2919 quod

151 2937 221 3006 fieri
248 2959 306 3024 per
334 2957 430 3002 unum
459 2941 508 3003 est
535 2937 691 3021 bonum,
724 2938 900 3023 perplura
929 2938 1116 3023 simpliciter
1144 2941 1271 3007 malum.

180 3140 203 3176 ⁴²
219 3138 288 3193 Edd.
307 3138 397 3207 inquit
738 3138 804 3209 Cap.
823 3139 896 3195 XIV.
933 3140 1013 3208 ΨΒ.
1031 3145 1058 3196 et
1076 3141 1136 3196 edd.
1156 3145 1195 3196 est
1211 3142 1275 3210 lieri

179 3226 204 3259 ⁴³
220 3224 253 3278 F.
271 3223 401 3278 iustitium
420 3227 493 3277 tuam
510 3225 572 3293 repa·
593 3223 643 3288 do,
661 3228 688 3277 et
804 3241 856 3296 per
878 3241 962 3279 utrum
981 3242 1061 3297 quam

220 3310 283 3364 iant.
308 3314 381 3362 tuom
403 3308 428 3378 f.
445 3325 467 3362 r.
487 3339 517 3348 -
536 3307 605 3362 Edd.
631 3307 685 3362 iud.
782 3311 793 3344 ³
809 3310 879 3365 Edd.
891 3328 947 3382 per
964 3311 1040 3380 quod
1056 3311 1169 3382 aliquod

220 3399 240 3448 t.
250 3393 355 3466 rapido
365 3398 392 3447 et
405 3393 465 3462 filio
475 3395 686 3465 reqisiosta'tz‘am
781 3397 792 3428 4
809 3396 842 3448 F.
861 3396 918 3450 sim.
938 3395 968 3451 id
981 3396 1047 3464 fieri

178 3479 202 3512 44
219 3478 251 3533 F.
276 3478 354 3532 Bene
381 3493 446 3550 erqo
474 3476 574 3531 dictum
597 3486 637 3532 est
660 3479 688 3532 ia
807 3479 838 3533 F.
849 3479 924 3550 quod
927 3484 1020 3551 potest
1030 3480 1095 3549 fieri
1100 3483 1185 3553 perA
1203 3487 1229 3535 et
1246 3481 1274 3536 B

219 3562 424 3634 sabadsumpta,
766 3565 787 3598 ¹¹
805 3564 838 3617 H.
847 3565 879 3618 1..
889 3563 919 3617 P.
930 3565 963 3621 V.
980 3596 1014 3636 ἢ
1032 3565 1065 3620 A.
1083 3571 1111 3620 et
1128 3565 1202 3636 quod
1211 3565 1275 3633 fieri

804 3680 839 3689 —
856 3649 924 3703 Edd.
943 3650 992 3704 sed
1005 3650 1071 3719 fieri

152 3917 187 3957 ..
205 3835 240 3957 r
257 3832 544 3897 t...
561 3823 1186 3974 arsamus·rutro..⁴⁴

151 3918 233 4024 aeder
242 3919 343 4051 ripun}
349 3943 424 4026 cheu
431 3943 596 4041 perfetione
602 3969 674 4051 dello
685 3970 787 4025 amano
799 3973 891 4051 sperio
899 3921 1121 4026 coooierti’esiere
1128 3921 1276 4055 ῑπῖἳῑπαεῖ·

152 4036 303 4104 noccdaeere,
318 4037 369 4118 phe
386 4037 583 4119 considerando
601 4037 739 4119 kdtveroe
756 4039 912 4095 coadzzioai
926 4038 971 4093 det
987 4041 1120 4106 mendae
1137 4041 1158 4096 li
1174 4040 1275 4097 dromi

153 4121 169 4160 e
185 4121 322 4175 necessary
341 4106 423 4176 affin]
442 4105 603 4172 ordenando,
620 4106 700 4162 abita
718 4106 764 4160 del
780 4111 848 4162 tutto
866 4108 1019 4162 universale
1035 4125 1050 4162 e
1067 4111 1161 4180 irrepat
1182 4110 1272 4165 nobile

151 4173 250 4295 officio
277 4172 308 4227 di
333 4173 503 4229 comendare.
522 4190 524 4194 ⁸
546 4174 575 4229 Ε
602 4181 695 4246 questo
724 4175 820 4245 officio
844 4176 858 4229 ἑ
876 4192 931 4247 per
962 4176 1123 4240 eccellenzia
1168 4179 1271 4250 roperto

152 4256 169 4296 0
187 4243 315 4296 iumat0.“
