2940 4808
399 313 534 370 DANTIS
550 313 769 370 MONAROHIA
786 315 822 369 Π.
840 314 870 368 O.
890 318 929 369 12.
949 317 1010 384 (10.)
1231 311 1270 374 79

154 487 297 556 duellum
319 486 493 569 adquisivit
514 487 697 571 imperium:
719 505 794 570 ergo
817 486 858 554 de
876 487 949 571 jure
971 486 1160 573 adquisivit3
1186 487 1271 571 quod
1289 491 1320 541 55

153 595 203 657 est
223 588 400 675 principale
422 590 621 674 propositum
641 589 675 654 in
696 588 777 656 libro
800 589 969 673 praesenti.

239 691 349 772 Usque
371 690 477 757 adhuc
497 695 587 776 patet
608 691 806 776 propositum
827 711 886 775 per
906 692 1045 757 ratIones
1069 711 1151 775 quae
1174 692 1270 775 pluri-

152 813 240 859 mum
261 792 542 859 rationalibus
570 792 735 877 principiis
756 793 944 876 innituntur3
977 791 1035 859 sed
1063 814 1104 860 ex
1126 812 1209 858 nunc
1231 812 1272 858 ex

151 893 318 980 principiis
340 892 444 961 fidei
466 895 731 961 Christianae
753 896 867 963 iterum
888 894 1146 979 patefaciendum
1169 898 1226 961 est.

559 1119 680 1194 [orror
701 1135 762 1182 ΧΠ.
786 1111 799 1199 (
828 1112 868 1200 .)]

239 1268 379 1334 Maxime
412 1267 495 1334 enim
523 1268 730 1353 fremuerunt,
764 1272 796 1335 et
824 1267 932 1333 inania
958 1265 1104 1333 meditati
1133 1270 1205 1330 sunt
1237 1266 1270 1330 in

152 1370 330 1436 Romanum
362 1369 590 1454 principatum,
628 1371 683 1453 qui
716 1372 871 1437 zelatores
903 1367 979 1434 fidei
1012 1368 1202 1434 christianae
1236 1387 1272 1433 se

122 1551 125 1556 .
152 1471 276 1554 dicunt3
300 1491 360 1537 nec
380 1471 509 1535 miseret
531 1489 586 1536 eos
603 1491 781 1556 pauperum
796 1472 922 1556 Christi,
947 1470 1061 1555 quibus
1082 1489 1146 1536 non
1167 1470 1270 1535 solum

155 1571 354 1639 defraudatio
377 1570 412 1636 fit
433 1572 467 1636 in
489 1573 695 1639 ecclesiarum
712 1573 933 1658 proventibus,
958 1573 1098 1655 quinimo
1121 1571 1270 1656 patrimo-

116 1666 120 1672 ’
152 1676 208 1742 nia
228 1675 300 1759 ipsa
322 1673 464 1757 quotidie
485 1674 664 1759 rapiuntur,
694 1680 726 1740 et
755 1675 990 1759 depauperatur
1011 1673 1172 1755 Ecclesia,
1196 1670 1304 1737 dume

152 1774 333 1844 simulando
352 1774 527 1859 justitiam,
552 1780 778 1857 exequutorem
797 1776 943 1861 justitiae
964 1795 1028 1842 non
1050 1773 1228 1840 admittunt.

237 1881 306 1946 Nec
324 1877 394 1961 jam
410 1876 640 1962 depauperatio
655 1878 730 1943 talis
752 1879 874 1961 absque
889 1877 952 1944 Dei
969 1876 1092 1961 judicio
1107 1874 1152 1958 fit,
1176 1893 1273 1956 quum

152 2003 213 2050 nec
233 1978 439 2066 pauperibus
463 2000 595 2063 quorum
609 1980 801 2064 patrimonia
822 1984 894 2045 sunt
907 1979 1072 2044 Ecclesiae
1095 1978 1272 2061 facultates,

152 2082 227 2151 inde
249 2081 471 2166 subveniatur,
500 2101 603 2164 neque
632 2082 674 2147 ab
703 2081 855 2148 offerente
876 2080 1014 2165 Imperio
1044 2099 1114 2145 cum
1139 2079 1270 2161 gratitu-

152 2183 228 2252 dine
260 2189 436 2252 teneantur.
480 2182 641 2267 Redeant,
674 2181 759 2249 unde
791 2188 959 2249 venerunt:
992 2187 1147 2248 venerunt
1180 2182 1321 2264 bene,10

181 2403 203 2437 ⁵⁷
219 2403 290 2460 Edd.
308 2402 458 2472 Hucusque
470 2405 552 2472 petet
808 2402 889 2456 etiarn
912 2401 1025 2455 Turrius
1050 2405 1076 2454 et
1098 2399 1200 2454 Frutic.
1223 2415 1273 2454 nec

179 2488 206 2527 ⁶⁸-
220 2488 253 2543 A.
271 2488 306 2542 H.
325 2486 534 2542 rationabilibus
806 2488 934 2540 miserere

238 2572 308 2626 Edd.
327 2572 375 2626 sed
391 2572 519 2642 deinceps
536 2585 574 2623 ex
589 2585 633 2640 pr.
783 2572 793 2603 ⁷
811 2573 844 2624 A.
862 2570 892 2623 F.
910 2570 945 2624 H.
964 2572 996 2623 L.
1014 2570 1051 2623 M.
1062 2599 1096 2609 -
1111 2570 1145 2624 V.
1164 2575 1191 2624 et
1208 2569 1268 2624 edd.

181 2656 204 2690 ⁵⁹
220 2656 252 2710 F.
271 2656 305 2711 de
319 2655 376 2725 fide
392 2653 542 2709 christiane
801 2655 969 2726 pauperutio

152 2740 220 2809 (lap.
238 2741 298 2794 XII.
332 2743 339 2773 ¹
358 2741 464 2796 Novum
482 2743 564 2806 caput
580 2737 625 2790 hic
643 2753 687 2792 or·
769 2741 790 2773 ¹⁰
808 2739 842 2792 Η.
864 2739 974 2793 Ficinus
999 2743 1026 2792 et
1049 2737 1107 2792 edd.
1135 2736 1227 2792 Turrii
1245 2744 1272 2794 et

222 2824 349 2880 diendum
366 2840 426 2880 esse
444 2824 543 2879 docent
559 2823 593 2875 A.
612 2828 639 2876 et
653 2822 686 2876 V.
806 2823 907 2878 I'retIc.
932 2854 966 2862 —
991 2822 1025 2876 A.
1050 2822 1087 2876 Μ.
1106 2822 1139 2877 V.
1165 2828 1192 2877 et
1211 2823 1270 2878 edd.

197 2911 209 2944 ²
225 2910 263 2964 M.
282 2910 435 2966 Romanum
455 2909 608 2981 principem
807 2916 861 2961 ant.
879 2908 1003 2963 Redeunt
1019 2908 1092 2963 unde
1107 2908 1182 2961 —L.
1201 2907 1273 2963 Red-

198 2994 275 3049 ⁸Ed
303 2993 449 3050 GinevrIna
476 2998 503 3049 et
533 3008 602 3062 quae
628 3008 688 3048 earn
806 2993 874 3068 dunt
890 2992 963 3046 uncle
983 3023 1016 3031 -
1044 2993 1076 3047 In
1098 2994 1131 3047 F.
1149 2992 1274 3048 Redeam

221 3083 352 3148 sequutae
379 3069 429 3138 uec
459 3079 562 3133 misere.
603 3077 686 3147 Pejus
806 3077 913 3133 omnino
931 3078 1010 3133 abest

222 3282 295 3353 Cap.
312 3283 386 3336 XII.
422 3281 539 3337 ¹Olerici
551 3280 649 3350 aliique
658 3281 743 3349 partis
755 3251 895 3351 Gnelphae
907 3286 1063 3348 sectatores,
1079 3299 1146 3352 qnos
1155 3284 1273 3338 Aucroa

151 3348 182 3405 in
199 3349 360 3420 PurgatorIo
378 3349 424 3404 VI.
444 3355 484 3404 91.
503 3349 569 3404 dicit

457 3448 537 3514 pente
556 3441 605 3497 che
622 3442 754 3498 dourebbe
771 3458 843 3497 esser
864 3443 966 3499 deuote.

154 3534 309 3592 ⁸Similiter
333 3536 361 3591 in
387 3535 519 3590 Paradiso
545 3534 606 3588 XII.
635 3539 676 3590 93.
709 3534 825 3591 decimas
851 3552 1000 3606 pauperum
1034 3536 1087 3592 Dei
1119 3551 1178 3592 esse
1204 3535 1270 3591 dIcit

150 3605 268 3660 Auaron
338 3607 361 3639 ¹⁰
378 3603 535 3671 „Venerunt
552 3603 647 3657 benc.“
681 3603 785 3657 Bonam
803 3604 973 3660 Constantini
997 3604 1172 3660 intentionem
1189 3603 1269 3659 etiarn

151 3671 180 3727 irr
197 3672 296 3728 Parad.
314 3672 374 3726 XX.
393 3677 434 3726 55.
452 3673 569 3726 Auoron
585 3676 677 3725 noster
694 3671 828 3739 agnoscit:

355 3773 461 3829 L'nltro
479 3770 528 3827 ebe
544 3787 641 3843 seque,
658 3788 710 3826 con
729 3772 753 3826 le
771 3772 846 3845 lcppi
861 3792 876 3830 e
893 3791 982 3840 meco,

424 3839 502 3895 Sotto
520 3840 610 3895 buono
628 3840 765 3894 intenzion
784 3840 847 3907 cicc,
863 3843 901 3913 fe'
919 3843 975 3897 mol
990 3842 1092 3911 fruito,

424 3908 480 3963 Per
497 3907 592 3963 cedem
609 3907 639 3961 al
648 3913 762 3979 pastor,
779 3911 805 3964 si
819 3911 877 3973 fece
897 3910 988 3966 Greco.

359 4009 415 4066 Ora
431 4025 546 4065 conosce
563 4025 638 4064 come
655 4008 676 4062 u
692 4008 758 4075 nial,
777 4009 888 4065 dedutto

423 4078 546 4133 Deloue
564 4077 630 4132 bene
647 4093 763 4158 cpenor,
779 4093 835 4131 non
851 4078 895 4159 qn·
902 4080 924 4159 'i
940 4080 1049 4159 nocivo,

422 4147 550 4216 Aucepnc
567 4144 616 4200 obe
633 4161 675 4200 stc
693 4145 715 4200 cl
730 4145 829 4199 mondo
847 4146 905 4201 endi
922 4147 1058 4202 distrutto.

153 4231 194 4288 cl.
212 4230 351 4287 Internum
367 4229 440 4284 XIX.
461 4234 518 4286 115.
