2940 4808
239 320 299 381 102
530 320 664 376 DANTIS
683 320 901 377 MONARGHIA
918 322 966 377 ΠΙ.
985 320 1014 378 (l.
1032 327 1056 377 4.

235 496 316 562 haec
337 493 401 560 duo
423 494 579 575 regimina
592 494 716 578 fecerit3
741 500 773 560 et
793 514 852 578 per
873 514 1071 578 consequens
1093 494 1226 561 intentio
1249 495 1358 581 Moysi

236 616 392 663 essenon
414 595 517 680 potuit
538 596 611 678 illa,
635 614 731 677 quam
753 594 882 677 fingunt.

319 699 429 763 Potest
451 697 548 763 etiarn
570 696 631 762 hoc
658 696 872 782 mendacium,
901 696 1083 782 tolerando,
1112 718 1182 783 per
1213 696 1356 762 distin-

236 800 409 866 ctionem
432 797 574 865 dissolvi.
618 799 726 865 Mitior
747 817 883 881 namque
906 804 957 865 est
976 799 1011 864 in
1028 798 1248 865 adversarium
1270 800 1355 866 solu-

183 922 216 974 90
234 900 279 967 tio
302 899 498 983 distinctiva;
522 900 684 967 nonenim
707 900 833 966 omnino
848 901 1004 967 mentiens
1027 920 1098 968 esse
1113 901 1250 984 videtur,
1273 901 1358 967 sicut

191 1032 194 1037 ·
233 1001 458 1085 interemptiva
470 1001 570 1067 illum
591 1002 694 1068 videri
715 1001 799 1067 facit.
844 1002 925 1068 Dico
949 1022 1034 1087 ergo,
1058 1002 1143 1084 quod
1165 1002 1243 1068 licet
1264 1003 1357 1068 Luna

233 1125 298 1171 non
319 1104 437 1170 habeat
464 1104 569 1168 lucem
598 1103 810 1187 abundanter,
839 1104 901 1168 nisi
928 1110 963 1169 ut
991 1125 1012 1169 a
1034 1104 1110 1171 Sole
1132 1104 1261 1190 recipit,
1292 1124 1357 1171 non
1395 1172 1399 1176 ,

232 1210 364 1290 propter
391 1205 452 1271 hoc
485 1204 642 1288 sequitur,
672 1205 758 1286 quod
784 1205 857 1288 ipsa
885 1207 976 1270 Luna
1004 1194 1094 1271 sita
1123 1204 1208 1273 Sole.
1259 1205 1357 1272 Unde

234 1306 413 1389 sciendum,
437 1305 522 1389 quod
545 1306 634 1372 aliud
656 1312 705 1373 est
727 1326 817 1373 esse
839 1306 939 1390 ipsius
961 1307 1085 1391 Lunae,
1109 1306 1199 1373 aliud
1221 1307 1357 1373 virtus

183 1430 215 1482 95
234 1409 319 1493 ejus,
343 1415 375 1474 et
396 1408 485 1473 aliud
507 1409 679 1493 operari.
719 1409 880 1489 Quantum
903 1414 952 1474 est
973 1408 1016 1474 ad
1037 1429 1123 1494 esse,
1145 1410 1235 1475 nullo
1257 1408 1355 1475 rn'odo

234 1511 325 1575 Luna
347 1509 507 1592 dependet
528 1531 548 1576 a
572 1509 662 1593 Sole,
685 1530 744 1576 nec
766 1509 863 1575 etiam
880 1515 1031 1592 quantum
1054 1511 1098 1575 ad
1112 1511 1271 1594 virtutem,
1295 1530 1356 1578 nec

235 1616 386 1694 quantum
409 1610 451 1675 ad
474 1611 691 1696 operationem
713 1611 913 1696 simpliciter3
944 1612 1020 1694 quia
1047 1618 1176 1685 motus
1205 1613 1275 1696 eJus
1306 1617 1356 1680 est

233 1732 254 1777 a
274 1718 395 1780 motore
417 1713 561 1798 proprio,
584 1713 806 1780 influentia
827 1733 885 1779 sua
900 1718 949 1781 est
970 1713 1140 1800 apropriis
1163 1712 1229 1779 suis
1243 1713 1354 1779 radiis.

233 1814 341 1881 Habet
362 1815 447 1881 enim
469 1815 611 1896 aliquam
633 1815 736 1881 lucem
758 1834 799 1880 ex
821 1835 871 1898 se,
901 1819 936 1880 ut
962 1814 997 1880 in
1025 1816 1095 1901 ejus
1117 1816 1231 1900 eclipsi
1253 1816 1354 1880 mani-

167 1939 215 1991 roo
232 1917 348 1983 festum
371 1921 432 2001 est,
457 1916 515 1984 sed
537 1922 689 1999 quantum
712 1916 755 1981 ad
776 1917 920 1983 melius
943 1922 975 1983 et
989 1917 1161 1984 virtuosius
1182 1937 1354 2002 operan-

178 2020 183 2024 ’
232 2018 335 2103 dum,
357 2019 470 2103 recipit
491 2017 615 2100 aliquid
635 2039 656 2082 a
679 2019 769 2103 Sole,
800 2019 876 2100 quia
904 2020 1007 2085 lucem
1028 2019 1260 2103 abundantem,
1291 2039 1356 2102 qua

231 2125 376 2206 recepta,
398 2120 569 2186 virtuosius
592 2127 746 2206 operatur.

259 2270 281 2303 ⁸⁰
298 2269 329 2323 F.
348 2269 415 2324 baec
432 2270 486 2324 duo
505 2270 651 2325 luminaria

318 2354 353 2408 V.
370 2361 397 2409 et
409 2369 543 2425 praesens
560 2355 672 2409 r'rrterrte'o

257 2439 280 2474 ⁸⁷
297 2439 329 2492 F.
350 2455 405 2494 reon
416 2440 511 2509 potuit
528 2455 610 2508 quom
625 2439 694 2510 [ἵης.

259 2525 281 2558 ⁸¹
297 2525 330 2578 A.
349 2523 379 2578 F.
398 2523 436 2576 M.
455 2523 486 2576 P.
505 2522 598 2577 Potest
616 2525 696 2578 etiam
713 2523 765 2580 boc

298 2609 438 2663 mendacio
462 2637 496 2645 —
521 2607 554 2661 V.
579 2607 640 2662 Pot.
664 2617 691 2662 et
713 2608 765 2665 boc

299 2691 524 2749 mendacio—L.
542 2691 603 2746 Pot.
622 2692 674 2747 boc
690 2708 764 2747 mere·

299 2779 379 2834 dacio
396 2778 430 2819 -'
453 2777 486 2830 Η.
514 2775 574 2831 Pot.
598 2779 678 2833 ctiam
701 2777 765 2834 huic

299 2861 764 2932 mendacio—SequimurFicinum.

315 2948 346 3001 P.
360 2963 417 3018 per
433 2947 639 3003 destructionem

257 3032 281 3065 ⁹⁰
297 3032 335 3085 M.
353 3032 452 3086 solutio
469 3031 597 3088 distincta
614 3063 648 3071 —
662 3033 697 3086 A.
715 3031 764 3088 sol.

297 3115 447 3185 diffinitiva

257 3201 280 3234 ⁹¹
298 3199 477 3268 Reposuimus
500 3217 560 3255 eum
584 3201 660 3256 codd.
677 3201 711 3254 A.
729 3200 762 3253 F.

296 3285 330 3338 H.
354 3284 385 3337 P.
412 3289 439 3338 et
462 3285 580 3353 antiquis
602 3284 663 3342 edd.
686 3283 762 3337 illum

298 3385 346 3424 rso.
365 3368 559 3435 adversarium)
580 3368 667 3423 videri
681 3369 761 3438 facit,

297 3471 347 3526 pro
365 3453 435 3508 illud
456 3452 549 3523 vids.
574 3452 654 3521 quod,
677 3452 760 3508 adsti-

296 3541 407 3608 pulante
423 3536 660 3607 cod.V.,Dionysii
674 3553 763 3592 emen-

296 3623 432 3678 dationem
450 3621 568 3690 sequuti,
600 3622 629 3676 in
659 3626 763 3676 textum

296 3711 458 3777 receperunt
475 3706 588 3762 Turrius
616 3712 642 3760 et
659 3706 761 3762 Frutic.

255 3793 286 3859 ¹¹,
298 3794 321 3826 ¹²
337 3793 370 3849 F.
380 3794 410 3847 P.
430 3793 504 3863 quod
516 3793 596 3847 Luca
613 3810 669 3847 roc
684 3793 764 3849 babet

255 3878 279 3910 ⁹²
294 3879 328 3930 A.
347 3878 402 3930 nisi
416 3883 448 3930 ot
464 3895 482 3932 c
499 3876 564 3932 Sole
581 3880 714 3950 receperit

255 3962 278 3994 ⁰³
295 3961 327 4015 F.
345 3978 399 4014 troo
417 3966 506 4015 tomen
518 3969 637 4034 propter
654 3962 705 4018 boc

255 4046 277 4079 ⁹⁴
295 4047 328 4098 A.
348 4044 385 4099 Μ.
410 4045 483 4101 Unde
499 4047 636 4101 sciendum
654 4054 694 4101 est

254 4131 277 4164 ⁹¹
293 4130 332 4185 M.
341 4130 375 4184 de
392 4131 498 4196 virtute,
516 4149 566 4186 occ
582 4140 713 4202 quantum
727 4163 761 4171 -

295 4213 327 4268 V.
355 4215 393 4268 od
408 4218 541 4282 virtutem,
559 4219 613 4271 nisi
629 4223 760 4287 quarrtom

842 2272 866 2304 ⁹⁸
883 2271 915 2325 A.
935 2271 966 2325 F.
984 2271 1017 2324 Η.
1027 2270 1059 2324 L.
1077 2271 1108 2324 P.
1119 2271 1152 2325 V.
1170 2276 1198 2325 et
1215 2271 1276 2327 edd.
1295 2276 1354 2326 ant.

788 2416 791 2421 ,
883 2355 985 2410 habent
1002 2361 1106 2410 metere
1117 2357 1252 2427 proprio,
1270 2357 1366 2426 quod,
1401 2352 1409 2368 “

883 2445 980 2496 contra
993 2439 1052 2495 cod.
1061 2439 1099 2493 M.
1111 2438 1244 2506 licinum,
1263 2445 1292 2496 et
1309 2456 1353 2496 re·

883 2529 974 2593 centt,
984 2525 1030 2594 qui
1047 2524 1174 2579 exhibent
1183 2531 1245 2581 mot.
1257 2527 1354 2597 primo

881 2618 909 2665 et
919 2610 984 2680 inst„
995 2609 1187 2664 restituendum
1200 2610 1273 2664 duxi.
1303 2611 1352 2665 Vi·

883 2695 979 2750 deatur
1017 2694 1159 2750 Aucronrs
1194 2694 1354 2750 convivium

884 2779 918 2833 11.
938 2783 962 2833 2.
992 2778 1089 2845 „Certe
1112 2779 1308 2851 Intelliqeoze,
1327 2780 1353 2834 le

884 2864 963 2934 quali
992 2880 1058 2918 coco
1091 2863 1147 2918 olto
1176 2864 1354 2919 revoluzione

884 2948 930 3002 det
945 2948 1030 3013 ciete,
1047 2950 1161 3004 siccome
1179 2951 1308 3005 monitori
1323 2950 1357 3005 di

883 3033 993 3104 quetid‘
1009 3063 1043 3073 -
1060 3039 1086 3087 et
1102 3032 1174 3088 inter
1185 3036 1308 3104 proprio
1325 3040 1354 3089 et

881 3117 1035 3187 influentia,
1060 3117 1132 3186 quod
1153 3118 1257 3174 hebent
1281 3118 1352 3185 edd,

881 3203 960 3256 abest
976 3216 992 3256 a
1008 3202 1085 3256 libris
1106 3202 1192 3258 mstis.

898 3286 934 3340 H.
944 3285 1084 3355 influentia
1099 3287 1161 3358 ejus
1170 3293 1237 3342 esta
1249 3290 1354 3358 primis

898 3370 932 3423 Η.
952 3370 983 3424 Ρ.
1001 3370 1035 3424 V.
1052 3372 1114 3442 ejus
1130 3372 1217 3426 radiis

834 3455 867 3487 ¹⁰¹
884 3455 991 3521 aliquid
1007 3472 1061 3511 non
1079 3454 1177 3523 legitur
1193 3457 1222 3512 in
1239 3458 1270 3512 P.

899 3541 950 3613 qm'
964 3537 1053 3606 hebet,
1071 3540 1143 3608 quod
1151 3541 1214 3596 olim
1222 3557 1273 3610 pro
1284 3545 1352 3614 quio

883 3624 1066 3692 conjeceram,
1093 3631 1122 3679 et
1144 3626 1216 3694 quod
1239 3627 1268 3680 in
1291 3633 1350 3682 tex-

882 3713 940 3762 tum
957 3710 1060 3778 recepit
1083 3711 1193 3778 Pretio,
1218 3712 1248 3766 in
1275 3713 1350 3768 nullo

882 3793 975 3848 codice
995 3793 1209 3862 deprehendens,
1237 3795 1350 3865 ejicien-

880 3879 944 3934 dnm
978 3879 1085 3946 putavi,
1124 3879 1350 3948 animadvertens,

880 3970 1018 4018 auctorem
1036 3968 1160 4018 nostrum
1178 3964 1259 4019 etiem
1275 3965 1349 4020 infra

880 4052 948 4116 (cap.
972 4052 1022 4104 12.)
1041 4050 1107 4117 quic
1124 4052 1200 4118 (‚,per
1217 4050 1349 4118 quosdam

878 4131 1033 4191 relationes,
1053 4133 1136 4200 quia
1153 4148 1202 4202 per
1214 4135 1350 4203 Papatum

882 4221 911 4271 et
938 4216 1138 4285 Imperiatum‘)
1167 4235 1218 4288 pro
1244 4221 1350 4276 scilicet
