2940 4808
586 299 871 360 PROLEGOMENA.
1253 306 1291 360 LI

216 491 410 576 apparenter
436 479 513 549 satis
540 479 686 550 ordinate
713 479 880 575 processit,
898 502 972 548 carru
1001 479 1162 574 aliquibus
1181 490 1289 551 tamen

215 607 301 676 veris
336 607 435 677 multa
472 606 551 676 salsa
585 606 805 701 permiscens,
837 605 923 677 volui
959 607 1166 700 perscrutari.
1227 607 1289 678 Ubi

216 733 318 804 multa
346 734 424 804 falsa
443 734 637 828 conscripta,
655 742 687 802 et
712 729 782 825 ejus
808 732 938 803 frivolas
957 734 1109 822 rationes,
1133 743 1167 804 ut
1185 734 1290 805 verbis

218 871 290 930 utar
316 858 467 931 Doctoris
504 860 769 931 excellentissimi
796 859 980 953 Augustini,
1013 861 1045 929 in
1073 858 1142 931 Deo
1177 861 1292 952 lidenS,

216 986 385 1081 diligentia
411 987 560 1078 discutio,
588 998 620 1058 et
646 987 857 1081 intelligentia
885 987 968 1056 clara
996 986 1146 1058 dissolvo.

267 1113 436 1206 lntegrum
463 1114 595 1209 quidem
623 1138 706 1209 opus
733 1124 882 1183 nostrum
911 1115 1072 1209 percurrit
1098 1126 1227 1205 auctor,
1260 1126 1292 1185 et

153 1251 361 1335 argumenta
395 1267 412 1312 a
445 1240 549 1312 Dante
590 1240 754 1337 proposita
791 1239 955 1333 sigillatim
990 1242 1138 1313 refellere
1175 1243 1292 1334 studet,

153 1370 221 1441 sed
258 1369 372 1440 leviter
406 1379 530 1439 tantum
567 1381 598 1439 et
632 1369 699 1463 ipsa
734 1367 841 1462 operis
868 1369 963 1440 verba
996 1393 1128 1464 perraro
1154 1369 1292 1441 fideliter

153 1497 326 1568 reserens.
380 1496 512 1591 Aliquot
547 1494 642 1590 liujus
676 1496 806 1590 generis
833 1495 1002 1579 citationes
1036 1496 1069 1566 in
1106 1497 1191 1568 notis
1217 1497 1290 1568 libri

153 1625 265 1722 primi
300 1625 413 1715 retuli,
441 1624 502 1711 ,sed
537 1647 637 1719 quum
666 1646 771 1718 neque
804 1622 842 1693 ad
877 1621 1140 1694 emendationem
1175 1634 1292 1715 textam,

155 1777 274 1849 neque
300 1753 339 1824 ad
367 1752 670 1848 interpretationem
697 1775 751 1821 eas
770 1750 847 1845 quid
873 1750 1023 1820 conferre
1041 1750 1196 1842 viderem,
1220 1776 1292 1847 per·

156 1903 243 1975 gere
271 1879 389 1951 destiti.
434 1877 550 1950 lllodus
576 1858 826 1974 argumentandi
854 1878 1033 1950 urbanitate
1059 1877 1093 1948 in
1120 1877 1291 1950 Prooemio

158 2008 260 2078 dictis
287 2018 337 2078 est
362 2006 520 2102 aequalis:
547 2007 601 2096 ita,
619 2030 660 2080 ue
673 2005 876 2077 desideretur
893 2005 1090 2101 exemplum,
1107 2004 1147 2075 de
1176 2005 1292 2076 ultimo

162 2134 242 2205 libri
271 2133 407 2204 secundi
426 2134 528 2229 capite
554 2142 707 2223 tractam,
733 2132 793 2203 ait:
819 2131 902 2222 „llic
930 2133 1029 2203 homo
1056 2133 1117 2204 iste
1136 2134 1292 2229 copiosis·

164 2261 250 2331 sime
294 2260 449 2351 deliravit,
492 2270 524 2331 et
566 2260 719 2356 ponendo
752 2283 789 2330 os
823 2260 856 2329 in
895 2259 1035 2350 coelum,
1078 2260 1189 2355 lingua
1222 2258 1292 2354 ejus

165 2386 315 2459 transivit
330 2388 363 2457 in
383 2390 537 2457 te1·ram.“
575 2387 761 2458 Notandum
780 2397 889 2458 mmen
908 2386 1016 2481 ipsum
1030 2385 1218 2459 Vernanum
1238 2389 1293 2460 de·

166 2523 294 2585 cantato
322 2513 368 2585 illi
395 2523 589 2608 argumento
608 2538 626 2584 a
645 2515 712 2585 sole
740 2524 772 2584 et
797 2514 874 2584 luna
900 2514 1104 2604 renunciare,
1129 2514 1290 2585 dicentem

166 2640 354 2732 „Quantum
380 2642 419 2711 ad
447 2642 512 2713 duo
540 2641 644 2736 prima
663 2651 865 2734 argumenta,
883 2640 955 2712 dico
983 2652 1015 2711 et
1033 2642 1185 2732 concedo,
1203 2642 1291 2738 quod

167 2768 350 2840 necessario
379 2792 445 2840 non
473 2768 688 2857 concludunt3
715 2791 789 2837 nam
823 2767 941 2858 dicere,
967 2768 1052 2863 quod
1081 2768 1146 2839 duo
1174 2792 1292 2863 magna

167 2895 339 2967 luminaria
372 2895 557 2990 significant
591 2895 656 2966 duo
689 2894 867 2988 regimina,
903 2906 952 2966 est
986 2895 1144 2991 expositio
1180 2897 1292 2990 mysti-

168 3043 202 3092 ca
228 3023 296 3093 sive
324 3021 560 3118 metaphorica:
588 3023 659 3094 talis
685 3034 792 3093 autem
820 3022 996 3115 Theologia
1025 3046 1090 3095 non
1119 3033 1167 3093 est
1196 3046 1292 3116 argu·

167 3148 372 3220 mentativa.“

267 3275 419 3365 Facinus,
445 3275 540 3371 paulo
568 3287 641 3372 post
660 3275 929 3372 compositionem
958 3273 1054 3369 hujus
1081 3276 1192 3372 scripti
1219 3300 1292 3371 per·

167 3412 337 3497 patratum,
355 3402 405 3473 bis
423 3402 540 3493 verbis,
560 3426 641 3498 quae
669 3427 766 3499 supra
793 3405 836 3499 (p.
854 3399 999 3501 xxxvl)
1025 3403 1123 3474 relata
1151 3426 1292 3497 sequun-

168 3541 234 3621 tur,
275 3540 308 3600 et
343 3529 427 3626 apud
462 3529 720 3602 Sermartellium
755 3530 875 3626 pariter
908 3529 1150 3620 desiderantur,
1184 3538 1292 3599 narrat

166 3655 360 3730 Boccsrrus:

216 3785 343 3870 Questo
378 3784 463 3856 libro
487 3784 547 3879 pila
573 3783 653 3852 anni
687 3782 770 3877 dopo
797 3782 834 3855 lu
858 3794 964 3855 incrta
992 3783 1079 3854 dello
1106 3793 1225 3853 autore
1250 3785 1291 3878 [a

218 3913 365 3984 donnoto
395 3913 439 3983 do
459 3933 585 3982 messer
611 3909 807 3994 Beltroado,
837 3909 1017 3982 Cordinole
1051 3909 1106 3981 dcl
1131 3909 1290 4003 Poppetto

217 4038 430 4134 (bertrandus
449 4038 488 4109 de
514 4036 683 4128 Castenet,
700 4035 878 4108 Cardiualis
895 4032 1097 4136 Portucnsis)
1132 4059 1150 4107 c
1181 4035 1289 4130 lepoto

218 4168 273 4241 del
305 4168 400 4262 Papo
442 4163 529 4235 aelle
561 4165 656 4259 porti
691 4165 727 4235 di
755 4163 978 4257 bombardae,
1024 4164 1158 4237 sedente
1195 4163 1286 4259 Papa

1047 4279 1086 4333 d*
