2940 4808
260 313 318 376 108
556 320 690 376 DANTIS
708 322 926 378 MONARCHIA
942 325 989 378 III.
1009 325 1038 382 C.
1058 332 1080 378 7.

212 507 243 558 10
261 490 433 573 poralium:
449 511 589 559 summus
603 493 751 560 Pontifex
767 501 817 560 cst
831 496 968 562 vicarius
984 498 1060 581 Dei,
1079 516 1154 580 ergo
1170 505 1219 565 cst
1234 499 1384 570 dominus

261 592 471 680 spiritualium
507 601 537 662 et
570 596 801 680 temporalium.
856 598 998 679 Utraque
1032 620 1170 681 namque
1203 606 1382 688 propositio

260 714 337 759 vera
360 700 422 779 est,
452 695 510 762 sed
538 696 678 763 medium
706 700 847 763 variatur
875 703 908 764 et
936 700 1077 781 arguitur
1105 703 1138 766 in
1161 708 1299 784 quatuor
1319 711 1383 774 ter-

260 797 368 881 minis,
398 797 430 861 in
458 799 572 879 quibus
600 799 701 865 forma
729 801 928 885 syllogistica
956 823 1019 867 non
1041 803 1197 889 salvatur;
1234 812 1269 870 ut
1291 813 1384 891 patet

261 919 301 964 ex
323 898 362 964 iis
385 919 467 980 quae
490 899 530 966 de
546 899 739 986 syllogismo
763 901 956 986 simpliciter.
993 905 1077 968 Nam
1099 903 1188 969 aliud
1210 913 1259 974 est
1281 910 1382 994 Deus,

212 1024 241 1072 ιε
261 1000 346 1082 quod
369 1002 534 1086 subjicitur
555 1001 589 1066 in
609 1003 738 1087 majori,
763 1009 795 1068 et
817 1003 906 1068 aliud
928 1005 1065 1071 vicarius
1080 1007 1158 1090 Dei,
1183 1007 1270 1087 quod
1291 1028 1383 1091 prae·

260 1102 384 1169 dicatur
405 1104 438 1167 in
460 1104 582 1169 minori.

343 1206 384 1269 Et
405 1206 432 1271 si
456 1205 526 1287 quis
547 1204 679 1270 instaret
701 1203 741 1271 de
763 1207 874 1271 vicarii
896 1209 1148 1292 aequivalentia,
1183 1211 1306 1275 inutilis
1332 1216 1382 1277 est

257 1306 423 1391 instantia3
449 1307 649 1390 quianullus
671 1307 842 1373 vicariatus
865 1309 933 1374 sive
956 1308 1098 1394 divinus,
1121 1311 1190 1376 sive
1213 1310 1381 1397 humanus,

259 1410 464 1491 aequivalere
485 1413 592 1494 potest
613 1408 781 1492 principali
804 1411 998 1477 auctoritati:
1022 1412 1108 1494 quod
1127 1417 1217 1497 patet
1240 1412 1281 1478 de
1304 1414 1380 1480 levi.

208 1531 240 1581 20
259 1513 342 1580 Nam
365 1512 497 1596 scimus,
528 1509 613 1593 quod
641 1530 804 1577 successor
830 1513 918 1578 Petri
946 1535 1009 1579 non
1037 1514 1222 1596 aequivalet
1251 1514 1382 1583 divinae

259 1612 455 1694 auctoritati,
486 1614 598 1679 saltem
621 1614 654 1677 in
676 1614 861 1696 operatione
888 1620 1034 1699 naturae3
1064 1636 1127 1681 non
1155 1615 1240 1682 enim
1268 1623 1381 1702 posset

258 1716 379 1800 facere,
420 1721 535 1781 terram
569 1714 741 1781 ascendere
774 1735 912 1800 sursum,
950 1737 1009 1781 neo
1040 1717 1146 1798 ignem
1182 1717 1379 1786 descendere

260 1817 421 1901 deorsum,
450 1837 509 1901 per
530 1815 666 1884 officium
695 1816 757 1882 sibi
780 1819 989 1885 commissum.
1033 1819 1103 1884 Nec
1129 1820 1224 1886 etiarn
1247 1826 1382 1905 possent

258 1919 365 1985 omnia
387 1918 449 1984 sibi
471 1919 624 1985 committi
647 1940 666 1983 a
688 1920 772 2003 Deo,
797 1920 946 2001 quoniam
968 1925 1160 2004 potestatem
1183 1922 1324 2006 creandi,
1346 1928 1380 1990 et

208 2041 240 2090 25
259 2020 406 2087 similiter
426 2021 610 2106 baptizandi
631 2023 718 2087 nullo
741 2022 836 2088 modo
859 2022 947 2088 Deus
970 2022 1166 2088 committere
1188 2028 1314 2108 posset,
1343 2030 1380 2089 ut

285 2243 314 2304 ¹⁰,
329 2243 347 2272 ¹¹
366 2240 457 2294 Verba
469 2254 588 2292 auronius
597 2237 733 2309 Pontifex
750 2246 789 2292 cst

326 2326 444 2378 vicarius
457 2324 520 2385 ceu
538 2341 602 2394 erpo
616 2325 789 2377 estdominus

323 2409 508 2480 spiritualium
543 2416 569 2461 et
600 2409 789 2479 temporalium

324 2510 380 2547 non
404 2493 530 2560 leguntur
556 2492 584 2546 in
611 2493 648 2546 M.
675 2494 715 2558 P,
741 2494 789 2548 scd

324 2579 419 2632 abesse
437 2583 580 2645 nequeunt.

276 2665 296 2696 ¹¹
314 2662 384 2717 Edd.
408 2661 526 2733 Utroque
543 2663 631 2725 cuim;
649 2662 696 2716 sed
711 2678 727 2716 a
745 2679 790 2717 co·

324 2748 414 2802 dicum
438 2763 570 2802 consensu
593 2763 648 2801 non
672 2753 731 2802 erat
747 2762 789 2801 re-

324 2831 472 2886 cedendum

284 2918 305 2949 ¹²
323 2917 354 2971 F.
374 2923 400 2970 ct
417 2918 509 2988 apitur
526 2920 555 2971 iu
573 2924 692 2988 qriatuor

284 3003 305 3035 ¹¹
323 3003 356 3056 A.
373 3001 468 3072 formu
485 3003 584 3074 sytloq.
599 3020 653 3058 noo
665 3008 789 3058 aerosum

284 3087 305 3118 ¹¹
322 3087 354 3139 L.
380 3103 416 3140 cx
441 3088 475 3141 iis
499 3103 570 3157 qirue
595 3089 628 3142 dc
652 3089 788 3142 simillimo

321 3166 479 3242 simpliciter

339 3257 372 3308 A.
390 3255 423 3308 Η.
442 3257 472 3310 Ρ.
492 3256 562 3310 Nam
581 3258 653 3312 atius
665 3263 704 3311 cst
715 3256 788 3311 Deus

283 3343 312 3406 ¹¹,
326 3341 347 3373 ¹⁶
364 3340 454 3394 Verba
464 3345 490 3394 et
502 3342 578 3395 aiirrd
597 3343 715 3396 vicarius
726 3341 787 3405 Dei,

321 3424 396 3495 quod
412 3425 593 3496 praedicatur
626 3427 654 3480 iu
687 3427 788 3480 minori

321 3509 510 3580 praetermissa
528 3516 591 3565 sunt
608 3510 636 3563 in
653 3511 685 3562 A.
704 3509 735 3561 F.
752 3509 785 3561 H.

320 3596 351 3649 P.
371 3627 404 3634 -
431 3595 524 3650 Solum
548 3595 625 3649 atiicd
650 3595 785 3648 desidera·

320 3687 366 3735 tur
382 3681 411 3734 in
427 3681 460 3734 V.

281 3768 302 3800 ¹⁸
318 3767 352 3819 H.
370 3766 400 3818 P.
413 3766 447 3820 V.
466 3765 640 3836 quianullus
658 3765 784 3828 otcarius,

908 2240 979 2306 quod
1006 2241 1086 2294 etiam
1109 2240 1221 2295 Ficinus
1250 2242 1382 2298 habuisse

908 2324 1020 2378 videtur.

870 2409 891 2441 ¹⁹
908 2408 1068 2462 Edituantt.
1079 2410 1154 2480 quod
1166 2415 1244 2480 putet
1262 2411 1381 2466 chcui.

908 2493 1023 2548 Rectum
1048 2493 1114 2548 vidit
1137 2495 1255 2549 Ficinus.
1280 2525 1314 2536 ·-
1343 2497 1380 2550 H.

910 2578 985 2648 quod
996 2580 1079 2650 potiit
1096 2579 1129 2633 de
1147 2579 1200 2634 levi

868 2663 892 2695 ²¹
908 2663 992 2717 Editt.
1011 2662 1121 2732 aliquot,
1140 2679 1195 2717 non
1219 2669 1312 2718 tamen
1328 2680 1380 2720 ese

909 2763 978 2816 quae
998 2748 1106 2802 saeculo
1115 2748 1181 2802 XVI
1197 2748 1287 2802 lucem
1304 2749 1379 2803 vidc-

907 2838 980 2898 runt,
999 2837 1087 2885 tcoreu
1104 2833 1251 2887 assensere
1267 2848 1392 2908 sursum⁴

924 2917 1016 2971 Verba
1038 2917 1088 2971 nei
1106 2919 1195 2988 iquem
1213 2917 1379 2973 descendere

908 3001 1033 3054 deorsum
1042 3017 1097 3054 non
1106 3005 1215 3056 exstant
1230 3002 1258 3055 in
1266 3001 1299 3056 F.
1310 3007 1338 3056 et
1346 3003 1378 3057 P.

865 3086 888 3118 ²¹
906 3085 937 3137 F.
956 3085 1014 3139 Nec
1031 3087 1111 3140 etium
1127 3092 1243 3152 possunt

865 3170 889 3202 ¹¹
905 3169 938 3223 V.
958 3175 985 3224 et
1001 3170 1070 3224 Edd.
1091 3173 1243 3242 potentium
1261 3173 1379 3228 creandi

905 3285 939 3294 -
957 3255 995 3308 M.
1010 3260 1109 3325 potest.
1129 3256 1215 3310 dandi

865 3340 888 3372 ¹⁵
905 3339 981 3394 Unus
1000 3340 1089 3408 Hung.
1107 3341 1230 3395 habetet
1248 3341 1377 3396 similiter

906 3424 1087 3492 beatificandi.
1136 3425 1249 3480 Rectam
1284 3431 1377 3482 tamen

906 3525 971 3576 esse,
991 3527 1072 3578 quam
1089 3510 1257 3578 retinuimus,
1281 3511 1376 3580 vulga-

903 3600 959 3648 tam
987 3595 1144 3649 lectionem.
1163 3596 1263 3662 probat
1295 3596 1375 3650 locus

904 3679 978 3733 Petri
1012 3680 1158 3734 Lombardi
1192 3681 1227 3734 ab
1259 3683 1376 3736 auctore

904 3764 1045 3831 allegatus.

324 3954 546 4006 ¹⁴An1sronsn1s
564 3953 750 4022 Analytica
776 3951 895 4018 priora
917 3951 987 4016 t„De
1005 3951 1202 4020 syllogismo‘l,
1220 3952 1264 4005 vel
1280 3950 1374 4018 potius

253 4028 377 4089 quartum
394 4022 483 4075 Pnrru
501 4021 635 4075 Juliani
658 4021 797 4084 tHrsrnrn)
828 4020 1068 4073 summularum
1095 4018 1291 4086 logicaliun'r
1314 4023 1372 4072 tra·

253 4094 367 4155 ctatnm,
394 4089 456 4143 inde
482 4089 624 4154 haustum,
649 4089 770 4142 indicare
795 4087 908 4141 videtur.
933 4119 967 4126 -
993 4086 1079 4154 Quum
1109 4087 1239 4141 terminus
1266 4086 1373 4141 medius

251 4157 384 4223 variatur,
408 4173 457 4225 pro
480 4157 538 4211 Deo
560 4157 689 4211 vicarium
712 4156 764 4210 Dei
787 4155 988 4220 substituendo,
1013 4171 1066 4209 non
1091 4154 1213 4224 arguitur
1235 4154 1264 4209 in
1283 4155 1372 4210 tribus

252 4225 372 4279 terminis
388 4225 457 4293 justi
475 4224 633 4293 syllogismi,
652 4224 700 4279 sed
717 4223 826 4278 additur
843 4228 963 4292 quartus.
