2940 4808
239 323 298 382 134
476 322 613 377 DANTIS
631 322 850 378 MONAROHIA
867 322 916 376 III.
936 322 964 377 C.
988 327 1025 375 15.
1045 325 1106 387 (14.)

188 515 219 566 1⁰
237 497 317 562 nihil
345 495 433 560 aliud
463 500 527 579 θεῖ,
559 515 653 577 quant
683 495 750 559 vita
779 494 912 577 Christi,
942 503 1007 560 tam
1036 496 1068 559 in
1091 494 1184 560 dietis
1207 515 1302 576 quam
1324 495 1362 559 in

236 599 328 664 saetis
352 598 589 682 comprehensa.
634 597 710 661 Vita
732 597 816 662 enim
837 597 938 682 ipsius
959 597 1034 662 idea
1056 597 1115 662 l'uit
1139 602 1170 664 et
1193 598 1362 680 exemplar

237 699 403 764 militantis
432 699 611 781 Eeclesiae,
640 700 828 782 praesertim
856 704 1034 785 pastorum,
1064 699 1204 765 maxime
1233 699 1360 782 summi,

239 803 329 886 eujus
352 807 400 866 est
414 821 545 885 pascere
561 820 661 883 agnos
677 807 708 868 et
726 821 811 867 oves.
849 801 943 867 Unde
968 803 1037 885 ipse
1059 802 1092 864 in
1114 801 1272 866 Joanne
1296 800 1359 866 for-

237 924 323 968 mam
345 923 422 969 suae
437 903 523 969 vitae
537 903 736 984 relinquens:
759 903 999 987 ‚,Exemplum¹¹,
1016 903 1126 984 inquit⁷
1144 901 1239 984 „dedi
1255 902 1361 984 vebia,

188 1024 219 1074 15
237 1010 272 1070 ut
301 1003 568 1087 quemadmodum
598 1023 657 1086 ego
686 1005 746 1071 feei
776 1005 882 1087 vobis,
913 1006 957 1069 ita
984 1010 1016 1070 et
1038 1025 1095 1070 vos
1117 1003 1274 1070 faciatis.¹¹
1318 1005 1364 1068 Et

237 1107 420 1191 specialiter
442 1105 485 1169 ad
506 1107 651 1189 Petrum,
676 1112 846 1190 postquam
868 1107 1006 1191 pastoris
1029 1106 1166 1173 ot'fieium
1189 1107 1251 1171 sibi
1274 1127 1362 1172 eom-

236 1208 338 1291 misit‚
368 1213 403 1272 ut
430 1209 463 1272 in
491 1206 604 1273 eodem
626 1209 795 1273 habemus:
829 1209 958 1290 „Petre‚
982 1208 1098 1290 inquit,
1123 1227 1255 1288 sequere
1276 1207 1362 1274 me.“

238 1309 303 1377 Sed
331 1309 474 1375 Christus
504 1309 686 1392 hujusmodi
715 1309 855 1391 regimen
891 1329 997 1375 eoram
1026 1310 1130 1375 Pilato
1168 1310 1361 1392 abnegavit:

237 1410 434 1495 ‚,Regnum,‘¹
457 1411 568 1493 inquit⁷
593 1431 716 1493 „meum
739 1432 801 1475 non
824 1417 873 1476 est
896 1410 936 1477 de
960 1413 1019 1477 hoe
1034 1411 1166 1494 mundo;
1191 1411 1217 1475 si
1241 1433 1282 1477 ex
1298 1412 1363 1477 hoe

187 1531 220 1581 no
238 1512 355 1579 mundo
371 1519 455 1579 esset
470 1533 600 1595 regnum
617 1534 730 1596 meum,
747 1513 881 1577 ministri
896 1515 960 1579 mei
974 1513 1084 1594 utique
1100 1512 1309 1597 desertarent,
1326 1519 1364 1579 ut

238 1635 301 1680 non
315 1614 457 1679 traderer
472 1613 619 1697 Judaeis3
636 1635 719 1679 nune
729 1619 835 1680 autem
850 1634 981 1696 regnum
993 1636 1098 1681 meum
1113 1635 1177 1679 non
1192 1622 1240 1680 est
1256 1615 1364 1681 hino.“

323 1715 416 1794 Quod
438 1737 500 1780 non
515 1716 560 1780 sio
575 1715 818 1797 intelligendum
841 1721 898 1799 est,
922 1736 959 1780 ae
981 1717 1008 1780 si
1025 1717 1177 1799 Christus,
1202 1717 1254 1797 qui
1271 1718 1364 1782 Deus

240 1822 302 1898 est,
326 1837 388 1881 non
410 1817 451 1881 sit
474 1816 619 1883 dominus
634 1817 736 1898 Regni
757 1817 865 1900 hujus3
891 1837 986 1898 quum
1009 1817 1232 1882 Psalmista
1258 1814 1364 1881 dieat:

239 1917 419 2000 „Quoniam
441 1919 540 2003 ipsius
563 1924 612 1985 est
626 1940 722 2002 mare,
747 1922 779 1984 et
800 1919 870 2003 ipse
885 1919 961 1985 feeit
983 1919 1072 2000 illud,
1097 1923 1129 1983 et
1151 1917 1274 1981 aridam
1291 1917 1363 1981 iun-

188 2039 220 2089 25
235 2018 397 2085 'davernnt
409 2041 520 2086 manus
543 2019 647 2104 ejus“5
672 2020 730 2086 sed
746 2021 830 2104 quia,
853 2027 886 2085 ut
902 2021 1067 2103 exemplar
1078 2019 1252 2101 Ecclesiae,
1272 2019 1366 2098 regni

268 2173 288 2204 ¹¹
306 2173 336 2224 L.
363 2171 425 2224 Vita
442 2177 531 2224 cratem
551 2171 638 2242 ipsius
893 2187 980 2224 meam
998 2187 1053 2224 ooo
1072 2176 1111 2224 esi
1129 2169 1162 2223 de
1183 2168 1234 2224 doc
1251 2169 1364 2234 rostilde,

323 2255 361 2308 M.
381 2263 407 2308 ei
424 2254 579 2324 eaemplam
599 2256 740 2309 militantis
894 2257 990 2324 inquit,
1008 2257 1034 2308 si
1049 2255 1083 2308 de
1100 2253 1152 2309 lior
1169 2253 1269 2307 nrurrdo

268 2339 391 2395 12Εᾰίῖῖ.
416 2340 535 2392 maxime
562 2339 647 2409 liujus
677 2340 776 2392 aurumi
853 2342 874 2372 ¹¹
893 2341 925 2393 F.
945 2347 976 2393 ut
992 2357 1047 2393 riou
1066 2339 1162 2393 tradar

306 2455 340 2462 -
358 2424 389 2476 L.
408 2424 446 2477 M.
465 2441 540 2478 nias.
560 2426 659 2478 saniori
676 2423 774 2478 Ponti·
910 2424 1023 2477 Turrius
1042 2429 1069 2476 et
1079 2424 1240 2478 novissimae
1258 2423 1363 2477 Fratic.

304 2509 365 2577 ficis
382 2538 416 2547 -
433 2507 518 2577 liujus
536 2509 614 2562 abest
636 2509 669 2562 ab
689 2508 773 2563 omni·
894 2509 967 2563 editt.
994 2525 1056 2562 eum
1078 2509 1179 2571 Felin.‚
1204 2508 1251 2561 sed
1276 2508 1363 2561 mani-

307 2594 357 2647 bus
376 2595 457 2645 marin
476 2593 594 2661 scriptis.
893 2593 963 2647 festo
999 2607 1090 2646 errore
1124 2609 1237 2663 requam
1274 2609 1364 2645 merim

268 2679 289 2710 ¹³
306 2677 400 2743 Editt.,
411 2678 595 2731 consentiente
604 2677 708 2741 Ficum,
727 2678 774 2732 sed
893 2695 945 2731 uon
965 2687 1005 2730 est
1023 2676 1067 2731 hic
1123 2667 1124 2671 ¹

309 2766 405 2816 contra
432 2761 554 2816 codicum
588 2762 667 2815 fidem
694 2764 774 2833 cajus
852 2763 875 2794 ²¹
892 2762 924 2814 L.
942 2762 979 2815 M.
997 2763 1028 2815 P.
1053 2777 1113 2814 cum
1138 2761 1264 2816 Pserimos
1288 2761 1365 2814 (licat

308 2848 431 2917 officium
449 2854 488 2900 est
500 2862 617 2917 parcere
851 2848 883 2912 ²¹,
903 2849 925 2880 ²⁵
942 2847 973 2899 In
992 2847 1088 2901 Bibliis
1110 2847 1223 2915 vulgatis
1246 2846 1365 2900 habetur

270 2933 289 2965 ¹¹
308 2932 339 2984 F.
358 2934 511 2986 vitne'rnae
528 2933 685 3002 relinquens
892 2940 919 2985 et
936 2934 1035 2986 siccam
1053 2949 1150 2986 niurias
1172 2933 1234 3002 ejas
1256 2932 1364 3001 forina-

326 3017 356 3069 F.
376 3015 503 3087 Exempl.
523 3019 592 3070 enim
611 3019 699 3087 iuquit
895 3024 996 3070 verrini.
1046 3017 1114 3070 Fere
1146 3017 1239 3070 iisdem
1272 3017 1364 3070 verbis

269 3103 289 3134 ¹⁵
307 3101 344 3154 M.
364 3102 393 3153 P.
414 3105 441 3155 et
458 3101 533 3154 editt.
548 3107 661 3155 reeentt.
680 3107 774 3155 eontra
896 3101 992 3168 quibus
1023 3102 1083 3165 hic,
1123 3117 1229 3155 versum
1260 3100 1364 3153 Psalmi

307 3191 411 3238 textum
445 3187 584 3254 Evangelii
624 3187 774 3256 quemadm.
864 3200 867 3208 ·
894 3184 977 3240 refert
986 3190 1082 3239 arictor
1100 3186 1128 3238 in
1137 3185 1225 3252 Epist.
1239 3184 1274 3237 ad
1284 3185 1363 3237 Prin-

307 3286 357 3339 eqo
374 3269 433 3338 feei
450 3272 487 3323 ita
506 3272 666 3324 eroes—F.
684 3287 774 3341 quem-
894 3271 968 3338 cipes
993 3275 1008 3335 ξ
1028 3277 1058 3334 ῖ,
1087 3269 1250 3336 eandemque
1268 3269 1364 3323 lectio·

307 3352 377 3407 adm.
394 3354 454 3422 feci
469 3355 507 3408 ita
525 3363 551 3408 ei
568 3372 615 3408 nos
893 3371 953 3409 nem
972 3355 1081 3408 exhibet
1098 3354 1124 3407 b.
1143 3354 1310 3422 Augustinus
1330 3354 1364 3408 de

269 3440 290 3472 ¹⁶
308 3439 339 3491 L.
358 3438 538 3507 spiritualiter
556 3441 593 3493 aci
610 3439 720 3492 Petrum
894 3440 943 3493 civ.
961 3439 1012 3492 Dei
1030 3438 1076 3490 XI.
1096 3444 1137 3492 34.

271 3524 291 3556 ¹⁸
308 3524 340 3576 L.
359 3523 397 3576 M.
416 3523 446 3575 P.
470 3522 555 3593 liujus
572 3524 646 3577 orodi
662 3540 774 3593 requam
854 3527 878 3559 ¹⁵
895 3524 1082 3592 Expunximus
1100 3539 1184 3592 quae,
1203 3522 1275 3590 quod
1292 3523 1364 3576 inter

308 3624 400 3662 corum
412 3606 464 3661 Pil.
476 3639 507 3644 —
518 3606 550 3659 F.
561 3606 644 3678 drijtrs
662 3625 774 3678 requam
896 3609 1036 3664 Ecclesiae
1053 3614 1079 3662 et
1097 3609 1177 3678 requi
1190 3608 1258 3660 male
1276 3607 1365 3660 intru-

309 3710 400 3747 coram
420 3693 472 3746 Pil.
895 3693 963 3746 dunt
980 3693 1156 3747 recentiores.

272 3781 300 3844 ¹⁸,
323 3778 344 3808 ¹¹
355 3777 388 3829 H.
407 3778 552 3847 abrieqneit
569 3776 670 3840 dicens,
688 3776 775 3847 Reqn.

194 3928 196 3933 ·
242 3912 297 3950 non
315 3895 432 3949 lectulus
452 3913 485 3950 ex
502 3895 615 3957 lectulo,
643 3895 715 3948 unde
739 3895 833 3948 dieunt
855 3895 968 3962 figuram
993 3911 1047 3949 non
1071 3910 1130 3950 esse
1148 3902 1288 3962 naturam,
1317 3898 1365 3951 sed

241 3965 353 4031 lignum:
373 3965 499 4030 quoniam
516 3963 571 4027 fiet,
589 3962 681 4030 utique
699 3964 722 4015 si
739 3963 876 4030 germinet,
895 3980 949 4017 non
967 3964 1091 4029 lectulus,
1111 3966 1158 4017 sed
1175 3965 1285 4032 lignum.
1318 3966 1364 4020 Sic

241 4048 305 4100 ergo
324 4033 390 4085 haee
410 4038 450 4085 est
468 4048 538 4094 are,
558 4038 584 4084 et
602 4031 689 4084 forma
707 4038 748 4084 est
765 4038 904 4095 natura,
922 4031 953 4085 fit
971 4031 1040 4084 enim
1060 4047 1093 4085 ex
1104 4033 1211 4087 homine
1229 4034 1308 4088 homo
1321 4076 1327 4087 .
1339 4076 1363 4088 ..

242 4100 342 4154 Forma
359 4100 451 4167 itaque
470 4107 566 4152 natura
584 4104 651 4153 est.¹¹

313 4170 333 4200 ¹¹
351 4166 458 4222 Erine.
477 4168 595 4221 Jonenn.
621 4183 679 4234 cap.
704 4166 777 4218 XIII.
802 4183 826 4222 r.
848 4171 886 4219 15.
974 4169 994 4198 ¹¹
1013 4165 1080 4220 Ibid.
1102 4183 1161 4236 rep.
1179 4168 1254 4221 XXI.
1274 4185 1298 4222 r.
1320 4174 1363 4223 22.

246 4236 266 4268 ¹¹
283 4235 351 4289 Ibid.
370 4250 429 4304 cap.
448 4235 546 4288 XVIII.
566 4253 588 4288 v.
610 4241 650 4289 36.
739 4235 761 4266 ¹¹
780 4236 895 4289 Psalm
916 4240 946 4287 95
967 4234 1054 4299 (Ceth.
1074 4241 1126 4300 94.)
1144 4254 1168 4312 r.
1190 4243 1212 4290 5.
