<?xml version="1.0" encoding="UTF-8"?>
<!DOCTYPE html PUBLIC "-//W3C//DTD XHTML 1.0 Transitional//EN"
    "http://www.w3.org/TR/xhtml1/DTD/xhtml1-transitional.dtd">
<html xmlns="http://www.w3.org/1999/xhtml" xml:lang="en" lang="en">
 <head>
  <title>
</title>
<meta http-equiv="Content-Type" content="text/html;charset=utf-8" />
  <meta name='ocr-system' content='tesseract 3.04.00' />
  <meta name='ocr-capabilities' content='ocr_page ocr_carea ocr_par ocr_line ocrx_word'/>
</head>
<body>
  <div class='ocr_page' id='page_1' title='image "./dantisalligheri00wittgoog_0156.png"; bbox 0 0 2940 4808; ppageno 0'>
   <div class='ocr_carea' id='block_1_1' title="bbox 458 307 1272 369">
    <p class='ocr_par' dir='ltr' id='par_1_1' title="bbox 458 307 1272 369">
     <span class='ocr_line' id='line_1_1' title="bbox 458 307 1272 369; baseline 0.009 -7"><span class='ocrx_word' id='word_1_1' title='bbox 458 307 594 364; x_wconf 88' lang='lat' dir='ltr'><strong>DANTIS</strong></span> <span class='ocrx_word' id='word_1_2' title='bbox 611 309 831 365; x_wconf 84' lang='lat' dir='ltr'><strong>MONARCHIA</strong></span> <span class='ocrx_word' id='word_1_3' title='bbox 846 311 881 364; x_wconf 95' lang='lat' dir='ltr'><strong>II.</strong></span> <span class='ocrx_word' id='word_1_4' title='bbox 899 309 928 365; x_wconf 84' lang='lat' dir='ltr'><strong>C.</strong></span> <span class='ocrx_word' id='word_1_5' title='bbox 948 315 972 364; x_wconf 78' lang='lat'><strong>7.</strong></span> <span class='ocrx_word' id='word_1_6' title='bbox 1233 308 1272 369; x_wconf 84' lang='grc'><strong>63</strong></span> 
     </span>
    </p>
   </div>
   <div class='ocr_carea' id='block_1_2' title="bbox 151 480 1322 1787">
    <p class='ocr_par' dir='ltr' id='par_1_2' title="bbox 151 480 1322 978">
     <span class='ocr_line' id='line_1_2' title="bbox 153 480 1272 566; baseline 0 -17"><span class='ocrx_word' id='word_1_7' title='bbox 153 481 240 566; x_wconf 91' lang='lat' dir='ltr'><strong>quod</strong></span> <span class='ocrx_word' id='word_1_8' title='bbox 262 480 393 564; x_wconf 90' lang='lat' dir='ltr'><strong>quidam</strong></span> <span class='ocrx_word' id='word_1_9' title='bbox 414 502 477 548; x_wconf 96' lang='lat' dir='ltr'><strong>non</strong></span> <span class='ocrx_word' id='word_1_10' title='bbox 500 482 603 548; x_wconf 87' lang='lat' dir='ltr'><strong>solum</strong></span> <span class='ocrx_word' id='word_1_11' title='bbox 625 482 802 562; x_wconf 82' lang='lat' dir='ltr'>singulares</span> <span class='ocrx_word' id='word_1_12' title='bbox 824 481 977 565; x_wconf 90' lang='lat' dir='ltr'><strong>homines,</strong></span> <span class='ocrx_word' id='word_1_13' title='bbox 1001 482 1077 564; x_wconf 88' lang='lat' dir='ltr'><strong>quin</strong></span> <span class='ocrx_word' id='word_1_14' title='bbox 1099 482 1196 549; x_wconf 90' lang='lat' dir='ltr'><strong>ctiam</strong></span> <span class='ocrx_word' id='word_1_15' title='bbox 1217 503 1272 566; x_wconf 95' lang='lat' dir='ltr'><strong>po-</strong></span> 
     </span>
     <span class='ocr_line' id='line_1_3' title="bbox 151 581 1272 671; baseline -0.001 -22"><span class='ocrx_word' id='word_1_16' title='bbox 151 584 235 671; x_wconf 91' lang='lat' dir='ltr'><strong>puli,</strong></span> <span class='ocrx_word' id='word_1_17' title='bbox 265 583 333 667; x_wconf 89' lang='lat' dir='ltr'><strong>apti</strong></span> <span class='ocrx_word' id='word_1_18' title='bbox 360 584 428 648; x_wconf 91' lang='lat' dir='ltr'><strong>nati</strong></span> <span class='ocrx_word' id='word_1_19' title='bbox 457 588 530 649; x_wconf 91' lang='lat' dir='ltr'><strong>sunt</strong></span> <span class='ocrx_word' id='word_1_20' title='bbox 560 581 603 648; x_wconf 91' lang='lat' dir='ltr'><strong>ad</strong></span> <span class='ocrx_word' id='word_1_21' title='bbox 629 583 817 667; x_wconf 90' lang='lat' dir='ltr'><strong>principari,</strong></span> <span class='ocrx_word' id='word_1_22' title='bbox 847 583 977 666; x_wconf 87' lang='lat' dir='ltr'><strong>quidam</strong></span> <span class='ocrx_word' id='word_1_23' title='bbox 1005 583 1063 648; x_wconf 88' lang='lat' dir='ltr'><strong>alii</strong></span> <span class='ocrx_word' id='word_1_24' title='bbox 1091 583 1134 648; x_wconf 92' lang='lat' dir='ltr'><strong>ad</strong></span> <span class='ocrx_word' id='word_1_25' title='bbox 1157 584 1272 667; x_wconf 90' lang='lat' dir='ltr'><strong>subjici</strong></span> 
     </span>
     <span class='ocr_line' id='line_1_4' title="bbox 151 684 1272 771; baseline -0.001 -19"><span class='ocrx_word' id='word_1_26' title='bbox 151 691 248 769; x_wconf 86' lang='lat' dir='ltr'><strong>atque</strong></span> <span class='ocrx_word' id='word_1_27' title='bbox 270 685 464 753; x_wconf 89' lang='lat' dir='ltr'><strong>ministrare:</strong></span> <span class='ocrx_word' id='word_1_28' title='bbox 486 690 521 750; x_wconf 91' lang='lat' dir='ltr'><strong>ut</strong></span> <span class='ocrx_word' id='word_1_29' title='bbox 543 685 823 771; x_wconf 82' lang='lat' dir='ltr'>Philosophus</span> <span class='ocrx_word' id='word_1_30' title='bbox 844 684 980 750; x_wconf 82' lang='lat' dir='ltr'><strong>adstruit</strong></span> <span class='ocrx_word' id='word_1_31' title='bbox 1007 684 1040 749; x_wconf 93' lang='lat' dir='ltr'><strong>in</strong></span> <span class='ocrx_word' id='word_1_32' title='bbox 1062 686 1102 750; x_wconf 90' lang='lat' dir='ltr'><strong>iis</strong></span> <span class='ocrx_word' id='word_1_33' title='bbox 1126 704 1208 768; x_wconf 88' lang='lat' dir='ltr'><strong>quae</strong></span> <span class='ocrx_word' id='word_1_34' title='bbox 1231 684 1272 751; x_wconf 95' lang='lat' dir='ltr'><strong>de</strong></span> 
     </span>
     <span class='ocr_line' id='line_1_5' title="bbox 151 786 1271 873; baseline -0.003 -19"><span class='ocrx_word' id='word_1_35' title='bbox 151 788 310 872; x_wconf 78' lang='lat' dir='ltr'><strong>Politlcis3</strong></span> <span class='ocrx_word' id='word_1_36' title='bbox 341 793 374 854; x_wconf 92' lang='lat' dir='ltr'><strong>et</strong></span> <span class='ocrx_word' id='word_1_37' title='bbox 395 788 529 871; x_wconf 91' lang='lat' dir='ltr'><strong>talibus,</strong></span> <span class='ocrx_word' id='word_1_38' title='bbox 559 793 594 852; x_wconf 89' lang='lat' dir='ltr'><strong>ut</strong></span> <span class='ocrx_word' id='word_1_39' title='bbox 622 787 692 873; x_wconf 91' lang='lat' dir='ltr'><strong>ipse</strong></span> <span class='ocrx_word' id='word_1_40' title='bbox 715 786 806 869; x_wconf 91' lang='lat' dir='ltr'><strong>dicit,</strong></span> <span class='ocrx_word' id='word_1_41' title='bbox 834 807 898 853; x_wconf 95' lang='lat' dir='ltr'><strong>non</strong></span> <span class='ocrx_word' id='word_1_42' title='bbox 927 788 1030 853; x_wconf 89' lang='lat' dir='ltr'><strong>solum</strong></span> <span class='ocrx_word' id='word_1_43' title='bbox 1057 787 1125 868; x_wconf 83' lang='lat' dir='ltr'><strong>regi</strong></span> <span class='ocrx_word' id='word_1_44' title='bbox 1147 792 1196 852; x_wconf 88' lang='lat' dir='ltr'><strong>est</strong></span> <span class='ocrx_word' id='word_1_45' title='bbox 1218 807 1271 853; x_wconf 88' lang='lat' dir='ltr'><strong>ex-</strong></span> 
     </span>
     <span class='ocr_line' id='line_1_6' title="bbox 151 888 1322 978; baseline -0.004 -21"><span class='ocrx_word' id='word_1_46' title='bbox 151 890 301 978; x_wconf 89' lang='lat' dir='ltr'><strong>pediens,</strong></span> <span class='ocrx_word' id='word_1_47' title='bbox 325 889 501 957; x_wconf 87' lang='lat' dir='ltr'><strong>sedetiam</strong></span> <span class='ocrx_word' id='word_1_48' title='bbox 520 889 658 973; x_wconf 91' lang='lat' dir='ltr'><strong>justum,</strong></span> <span class='ocrx_word' id='word_1_49' title='bbox 681 889 807 955; x_wconf 90' lang='lat' dir='ltr'><strong>etiamsi</strong></span> <span class='ocrx_word' id='word_1_50' title='bbox 828 888 872 953; x_wconf 88' lang='lat' dir='ltr'><strong>ad</strong></span> <span class='ocrx_word' id='word_1_51' title='bbox 893 889 955 955; x_wconf 95' lang='lat' dir='ltr'><strong>hoc</strong></span> <span class='ocrx_word' id='word_1_52' title='bbox 977 893 1136 971; x_wconf 82' lang='lat' dir='ltr'><strong>cogantur.</strong></span> <span class='ocrx_word' id='word_1_53' title='bbox 1288 914 1322 965; x_wconf 77' lang='lat' dir='ltr'><strong>tu</strong></span> 
     </span>
    </p>

    <p class='ocr_par' dir='ltr' id='par_1_3' title="bbox 152 989 1321 1787">
     <span class='ocr_line' id='line_1_7' title="bbox 238 989 1271 1075; baseline 0.001 -19"><span class='ocrx_word' id='word_1_54' title='bbox 238 993 328 1072; x_wconf 79' lang='lat' dir='ltr'><strong>Quae</strong></span> <span class='ocrx_word' id='word_1_55' title='bbox 356 991 384 1056; x_wconf 91' lang='lat' dir='ltr'><strong>si</strong></span> <span class='ocrx_word' id='word_1_56' title='bbox 411 992 458 1056; x_wconf 89' lang='lat' dir='ltr'><strong>ita</strong></span> <span class='ocrx_word' id='word_1_57' title='bbox 485 1011 520 1058; x_wconf 89' lang='lat' dir='ltr'><strong>se</strong></span> <span class='ocrx_word' id='word_1_58' title='bbox 549 991 684 1075; x_wconf 90' lang='lat' dir='ltr'><strong>habent,</strong></span> <span class='ocrx_word' id='word_1_59' title='bbox 713 1011 776 1056; x_wconf 95' lang='lat' dir='ltr'><strong>non</strong></span> <span class='ocrx_word' id='word_1_60' title='bbox 805 989 937 1054; x_wconf 91' lang='lat' dir='ltr'><strong>dubium</strong></span> <span class='ocrx_word' id='word_1_61' title='bbox 959 996 1022 1075; x_wconf 90' lang='lat' dir='ltr'><strong>est,</strong></span> <span class='ocrx_word' id='word_1_62' title='bbox 1053 991 1129 1073; x_wconf 91' lang='lat' dir='ltr'><strong>quin</strong></span> <span class='ocrx_word' id='word_1_63' title='bbox 1157 997 1271 1057; x_wconf 88' lang='lat' dir='ltr'><strong>natura</strong></span> 
     </span>
     <span class='ocr_line' id='line_1_8' title="bbox 152 1089 1271 1178; baseline -0.001 -19"><span class='ocrx_word' id='word_1_64' title='bbox 152 1095 259 1161; x_wconf 91' lang='lat' dir='ltr'><strong>locum</strong></span> <span class='ocrx_word' id='word_1_65' title='bbox 280 1099 312 1160; x_wconf 88' lang='lat' dir='ltr'><strong>et</strong></span> <span class='ocrx_word' id='word_1_66' title='bbox 334 1097 462 1174; x_wconf 78' lang='lat' dir='ltr'><strong>gentem</strong></span> <span class='ocrx_word' id='word_1_67' title='bbox 484 1093 676 1176; x_wconf 81' lang='lat' dir='ltr'><strong>disposuerit</strong></span> <span class='ocrx_word' id='word_1_68' title='bbox 696 1092 730 1156; x_wconf 93' lang='lat' dir='ltr'><strong>in</strong></span> <span class='ocrx_word' id='word_1_69' title='bbox 751 1091 869 1157; x_wconf 92' lang='lat' dir='ltr'><strong>mundo</strong></span> <span class='ocrx_word' id='word_1_70' title='bbox 891 1089 935 1154; x_wconf 90' lang='lat' dir='ltr'><strong>ad</strong></span> <span class='ocrx_word' id='word_1_71' title='bbox 949 1092 1172 1159; x_wconf 86' lang='lat' dir='ltr'><strong>universaliter</strong></span> <span class='ocrx_word' id='word_1_72' title='bbox 1187 1093 1271 1178; x_wconf 90' lang='lat' dir='ltr'><strong>prin-</strong></span> 
     </span>
     <span class='ocr_line' id='line_1_9' title="bbox 152 1192 1271 1282; baseline -0.004 -18"><span class='ocrx_word' id='word_1_73' title='bbox 152 1194 340 1282; x_wconf 81' lang='lat' dir='ltr'><strong>cipandum3</strong></span> <span class='ocrx_word' id='word_1_74' title='bbox 364 1196 458 1261; x_wconf 86' lang='lat' dir='ltr'><strong>aliter</strong></span> <span class='ocrx_word' id='word_1_75' title='bbox 480 1196 543 1261; x_wconf 93' lang='lat' dir='ltr'><strong>sibi</strong></span> <span class='ocrx_word' id='word_1_76' title='bbox 565 1194 748 1278; x_wconf 82' lang='lat' dir='ltr'><strong>defecisset,</strong></span> <span class='ocrx_word' id='word_1_77' title='bbox 773 1192 858 1276; x_wconf 88' lang='lat' dir='ltr'><strong>quod</strong></span> <span class='ocrx_word' id='word_1_78' title='bbox 880 1196 929 1258; x_wconf 90' lang='lat' dir='ltr'><strong>est</strong></span> <span class='ocrx_word' id='word_1_79' title='bbox 950 1194 1158 1277; x_wconf 69' lang='lat' dir='ltr'><strong>Mpossibile.</strong></span> <span class='ocrx_word' id='word_1_80' title='bbox 1193 1195 1271 1274; x_wconf 77' lang='lat' dir='ltr'><strong>Quis</strong></span> 
     </span>
     <span class='ocr_line' id='line_1_10' title="bbox 152 1292 1271 1381; baseline -0.003 -18"><span class='ocrx_word' id='word_1_81' title='bbox 152 1303 260 1363; x_wconf 90' lang='lat' dir='ltr'><strong>autem</strong></span> <span class='ocrx_word' id='word_1_82' title='bbox 281 1297 376 1364; x_wconf 86' lang='lat' dir='ltr'><strong>fuerit</strong></span> <span class='ocrx_word' id='word_1_83' title='bbox 397 1296 501 1380; x_wconf 88' lang='lat' dir='ltr'><strong>locus,</strong></span> <span class='ocrx_word' id='word_1_84' title='bbox 525 1301 557 1364; x_wconf 87' lang='lat' dir='ltr'><strong>et</strong></span> <span class='ocrx_word' id='word_1_85' title='bbox 579 1314 661 1378; x_wconf 89' lang='lat' dir='ltr'><strong>quae</strong></span> <span class='ocrx_word' id='word_1_86' title='bbox 683 1312 776 1378; x_wconf 79' lang='lat' dir='ltr'><strong>gens,</strong></span> <span class='ocrx_word' id='word_1_87' title='bbox 805 1313 863 1377; x_wconf 92' lang='lat' dir='ltr'><strong>per</strong></span> <span class='ocrx_word' id='word_1_88' title='bbox 885 1292 970 1359; x_wconf 90' lang='lat' dir='ltr'><strong>dicta</strong></span> <span class='ocrx_word' id='word_1_89' title='bbox 992 1295 1137 1379; x_wconf 91' lang='lat' dir='ltr'><strong>superius</strong></span> <span class='ocrx_word' id='word_1_90' title='bbox 1161 1299 1193 1362; x_wconf 90' lang='lat' dir='ltr'><strong>et</strong></span> <span class='ocrx_word' id='word_1_91' title='bbox 1214 1317 1271 1381; x_wconf 93' lang='lat' dir='ltr'><strong>per</strong></span> 
     </span>
     <span class='ocr_line' id='line_1_11' title="bbox 153 1396 1321 1481; baseline -0.003 -17"><span class='ocrx_word' id='word_1_92' title='bbox 153 1397 290 1464; x_wconf 89' lang='lat' dir='ltr'><strong>dicenda</strong></span> <span class='ocrx_word' id='word_1_93' title='bbox 310 1397 442 1463; x_wconf 85' lang='lat' dir='ltr'><strong>inferius</strong></span> <span class='ocrx_word' id='word_1_94' title='bbox 465 1399 543 1463; x_wconf 89' lang='lat' dir='ltr'><strong>satis</strong></span> <span class='ocrx_word' id='word_1_95' title='bbox 565 1403 614 1465; x_wconf 89' lang='lat' dir='ltr'><strong>est</strong></span> <span class='ocrx_word' id='word_1_96' title='bbox 635 1396 852 1480; x_wconf 80' lang='lat' dir='ltr'><strong>manifestum,</strong></span> <span class='ocrx_word' id='word_1_97' title='bbox 877 1396 963 1477; x_wconf 90' lang='lat' dir='ltr'><strong>quod</strong></span> <span class='ocrx_word' id='word_1_98' title='bbox 984 1396 1078 1480; x_wconf 81' lang='lat' dir='ltr'><strong>tuerit</strong></span> <span class='ocrx_word' id='word_1_99' title='bbox 1099 1397 1217 1481; x_wconf 89' lang='lat' dir='ltr'><strong>Roma,</strong></span> <span class='ocrx_word' id='word_1_100' title='bbox 1241 1402 1272 1463; x_wconf 89' lang='lat' dir='ltr'><strong>et</strong></span> <span class='ocrx_word' id='word_1_101' title='bbox 1289 1426 1321 1477; x_wconf 82' lang='lat'><strong>45</strong></span> 
     </span>
     <span class='ocr_line' id='line_1_12' title="bbox 153 1497 1272 1585; baseline -0.002 -19"><span class='ocrx_word' id='word_1_102' title='bbox 153 1499 240 1566; x_wconf 84' lang='lat' dir='ltr'><strong>cives</strong></span> <span class='ocrx_word' id='word_1_103' title='bbox 262 1499 348 1584; x_wconf 89' lang='lat' dir='ltr'><strong>ejus,</strong></span> <span class='ocrx_word' id='word_1_104' title='bbox 371 1499 439 1565; x_wconf 86' lang='lat' dir='ltr'><strong>sive</strong></span> <span class='ocrx_word' id='word_1_105' title='bbox 460 1500 606 1585; x_wconf 91' lang='lat' dir='ltr'><strong>populus.</strong></span> <span class='ocrx_word' id='word_1_106' title='bbox 651 1497 744 1578; x_wconf 79' lang='lat' dir='ltr'><strong>Quod</strong></span> <span class='ocrx_word' id='word_1_107' title='bbox 774 1498 870 1565; x_wconf 89' lang='lat' dir='ltr'><strong>etiam</strong></span> <span class='ocrx_word' id='word_1_108' title='bbox 898 1499 1024 1564; x_wconf 89' lang='lat' dir='ltr'><strong>Poeta</strong></span> <span class='ocrx_word' id='word_1_109' title='bbox 1048 1504 1155 1564; x_wconf 90' lang='lat' dir='ltr'><strong>noster</strong></span> <span class='ocrx_word' id='word_1_110' title='bbox 1177 1497 1272 1564; x_wconf 90' lang='lat' dir='ltr'><strong>valde</strong></span> 
     </span>
     <span class='ocr_line' id='line_1_13' title="bbox 153 1600 1271 1686; baseline -0.003 -19"><span class='ocrx_word' id='word_1_111' title='bbox 153 1601 314 1667; x_wconf 87' lang='lat' dir='ltr'><strong>subtiliter</strong></span> <span class='ocrx_word' id='word_1_112' title='bbox 334 1601 367 1665; x_wconf 95' lang='lat' dir='ltr'><strong>in</strong></span> <span class='ocrx_word' id='word_1_113' title='bbox 389 1607 480 1668; x_wconf 84' lang='lat' dir='ltr'><strong>sexto</strong></span> <span class='ocrx_word' id='word_1_114' title='bbox 503 1601 624 1684; x_wconf 79' lang='lat' dir='ltr'><strong>tetigit,</strong></span> <span class='ocrx_word' id='word_1_115' title='bbox 653 1600 855 1667; x_wconf 88' lang='lat' dir='ltr'><strong>introducens</strong></span> <span class='ocrx_word' id='word_1_116' title='bbox 877 1600 1040 1666; x_wconf 82' lang='lat' dir='ltr'><strong>Anchisen</strong></span> <span class='ocrx_word' id='word_1_117' title='bbox 1067 1619 1271 1686; x_wconf 91' lang='lat' dir='ltr'><strong>praemonen-</strong></span> 
     </span>
     <span class='ocr_line' id='line_1_14' title="bbox 153 1701 879 1787; baseline -0.001 -19"><span class='ocrx_word' id='word_1_118' title='bbox 153 1707 219 1768; x_wconf 89' lang='lat' dir='ltr'><strong>tem</strong></span> <span class='ocrx_word' id='word_1_119' title='bbox 241 1701 400 1786; x_wconf 84' lang='lat' dir='ltr'><strong>Aeneam,</strong></span> <span class='ocrx_word' id='word_1_120' title='bbox 423 1703 635 1769; x_wconf 89' lang='lat' dir='ltr'><strong>Romanorum</strong></span> <span class='ocrx_word' id='word_1_121' title='bbox 657 1707 795 1787; x_wconf 91' lang='lat' dir='ltr'><strong>patrem,</strong></span> <span class='ocrx_word' id='word_1_122' title='bbox 819 1702 879 1767; x_wconf 87' lang='lat' dir='ltr'><strong>sic:</strong></span> 
     </span>
    </p>
   </div>
   <div class='ocr_carea' id='block_1_3' title="bbox 161 1850 1383 2768">
    <p class='ocr_par' dir='ltr' id='par_1_4' title="bbox 161 1850 1383 2768">
     <span class='ocr_line' id='line_1_15' title="bbox 181 1850 1273 1923; baseline -0.001 -16"><span class='ocrx_word' id='word_1_123' title='bbox 181 1852 207 1886; x_wconf 81' lang='lat'><strong>³⁰</strong></span> <span class='ocrx_word' id='word_1_124' title='bbox 223 1850 256 1907; x_wconf 88' lang='lat' dir='ltr'><strong>V.</strong></span> <span class='ocrx_word' id='word_1_125' title='bbox 275 1852 395 1907; x_wconf 84' lang='lat' dir='ltr'><strong>ridemus</strong></span> <span class='ocrx_word' id='word_1_126' title='bbox 414 1853 488 1923; x_wconf 77' lang='lat' dir='ltr'><strong>priori</strong></span> <span class='ocrx_word' id='word_1_127' title='bbox 505 1853 612 1922; x_wconf 84' lang='lat' dir='ltr'><strong>quidem</strong></span> <span class='ocrx_word' id='word_1_128' title='bbox 807 1852 838 1905; x_wconf 90' lang='lat' dir='ltr'><strong>A.</strong></span> <span class='ocrx_word' id='word_1_129' title='bbox 858 1852 890 1904; x_wconf 90' lang='lat' dir='ltr'><strong>F.</strong></span> <span class='ocrx_word' id='word_1_130' title='bbox 909 1851 940 1904; x_wconf 90' lang='lat' dir='ltr'><strong>L.</strong></span> <span class='ocrx_word' id='word_1_131' title='bbox 960 1851 997 1905; x_wconf 90' lang='lat' dir='ltr'><strong>M.</strong></span> <span class='ocrx_word' id='word_1_132' title='bbox 1015 1850 1047 1907; x_wconf 95' lang='lat' dir='ltr'><strong>P.</strong></span> <span class='ocrx_word' id='word_1_133' title='bbox 1068 1883 1102 1891; x_wconf 89' lang='lat'><strong>-—</strong></span> <span class='ocrx_word' id='word_1_134' title='bbox 1125 1851 1273 1906; x_wconf 87' lang='lat' dir='ltr'><strong>Nobiscum</strong></span> 
     </span>
     <span class='ocr_line' id='line_1_16' title="bbox 180 1934 1272 2006; baseline -0.001 -15"><span class='ocrx_word' id='word_1_135' title='bbox 180 1938 204 1972; x_wconf 77' lang='lat'><strong>³⁷</strong></span> <span class='ocrx_word' id='word_1_136' title='bbox 221 1939 255 1991; x_wconf 88' lang='lat' dir='ltr'><strong>A.</strong></span> <span class='ocrx_word' id='word_1_137' title='bbox 273 1938 304 1991; x_wconf 83' lang='lat' dir='ltr'><strong>F.</strong></span> <span class='ocrx_word' id='word_1_138' title='bbox 323 1937 357 1991; x_wconf 92' lang='lat' dir='ltr'><strong>H.</strong></span> <span class='ocrx_word' id='word_1_139' title='bbox 375 1938 406 1991; x_wconf 90' lang='lat' dir='ltr'><strong>L.</strong></span> <span class='ocrx_word' id='word_1_140' title='bbox 424 1938 455 1991; x_wconf 91' lang='lat' dir='ltr'><strong>P.</strong></span> <span class='ocrx_word' id='word_1_141' title='bbox 473 1937 506 1994; x_wconf 88' lang='lat' dir='ltr'><strong>V.</strong></span> <span class='ocrx_word' id='word_1_142' title='bbox 523 1969 559 1976; x_wconf 98' lang='lat'><em>-</em></span> <span class='ocrx_word' id='word_1_143' title='bbox 570 1937 607 1990; x_wconf 90' lang='lat' dir='ltr'><strong>M.</strong></span> <span class='ocrx_word' id='word_1_144' title='bbox 627 1942 688 2006; x_wconf 82' lang='lat' dir='ltr'><strong>qui-</strong></span> <span class='ocrx_word' id='word_1_145' title='bbox 808 1937 912 1992; x_wconf 87' lang='lat' dir='ltr'><strong>faciunt</strong></span> <span class='ocrx_word' id='word_1_146' title='bbox 929 1934 961 1988; x_wconf 90' lang='lat' dir='ltr'><strong>H.</strong></span> <span class='ocrx_word' id='word_1_147' title='bbox 972 1935 1005 1988; x_wconf 90' lang='lat' dir='ltr'><strong>V.</strong></span> <span class='ocrx_word' id='word_1_148' title='bbox 1025 1935 1136 1990; x_wconf 86' lang='lat' dir='ltr'><strong>Ficinus</strong></span> <span class='ocrx_word' id='word_1_149' title='bbox 1154 1940 1182 1989; x_wconf 90' lang='lat' dir='ltr'><strong>et</strong></span> <span class='ocrx_word' id='word_1_150' title='bbox 1199 1935 1272 1990; x_wconf 88' lang='lat' dir='ltr'><strong>editt.</strong></span> 
     </span>
     <span class='ocr_line' id='line_1_17' title="bbox 221 2020 1082 2093; baseline -0.005 -15"><span class='ocrx_word' id='word_1_151' title='bbox 221 2023 283 2078; x_wconf 85' lang='lat' dir='ltr'><strong>dom</strong></span> <span class='ocrx_word' id='word_1_152' title='bbox 300 2023 351 2078; x_wconf 85' lang='lat' dir='ltr'><strong>clii</strong></span> <span class='ocrx_word' id='word_1_153' title='bbox 365 2024 437 2093; x_wconf 84' lang='lat' dir='ltr'><strong>subj.</strong></span> <span class='ocrx_word' id='word_1_154' title='bbox 461 2053 495 2060; x_wconf 98' lang='lat'>—</span> <span class='ocrx_word' id='word_1_155' title='bbox 521 2021 605 2076; x_wconf 87' lang='lat' dir='ltr'><strong>Editt.</strong></span> <span class='ocrx_word' id='word_1_156' title='bbox 630 2023 689 2091; x_wconf 80' lang='lat' dir='ltr'><strong>qui-</strong></span> <span class='ocrx_word' id='word_1_157' title='bbox 765 2023 788 2054; x_wconf 70' lang='lat'><strong>⁴⁴</strong></span> <span class='ocrx_word' id='word_1_158' title='bbox 806 2024 838 2075; x_wconf 87' lang='lat' dir='ltr'><strong>A.</strong></span> <span class='ocrx_word' id='word_1_159' title='bbox 857 2020 923 2086; x_wconf 79' lang='lat' dir='ltr'><strong>Quis</strong></span> <span class='ocrx_word' id='word_1_160' title='bbox 940 2027 1029 2074; x_wconf 84' lang='lat' dir='ltr'><strong>cutem</strong></span> <span class='ocrx_word' id='word_1_161' title='bbox 1046 2026 1082 2075; x_wconf 84' lang='lat' dir='ltr'><strong>sit</strong></span> 
     </span>
     <span class='ocr_line' id='line_1_18' title="bbox 221 2103 1274 2178; baseline -0.004 -16"><span class='ocrx_word' id='word_1_162' title='bbox 221 2107 284 2162; x_wconf 85' lang='lat' dir='ltr'><strong>dum</strong></span> <span class='ocrx_word' id='word_1_163' title='bbox 302 2107 340 2162; x_wconf 82' lang='lat' dir='ltr'><strong>ad</strong></span> <span class='ocrx_word' id='word_1_164' title='bbox 356 2108 427 2178; x_wconf 81' lang='lat' dir='ltr'><strong>subj.</strong></span> <span class='ocrx_word' id='word_1_165' title='bbox 807 2107 836 2160; x_wconf 89' lang='lat' dir='ltr'><strong>P.</strong></span> <span class='ocrx_word' id='word_1_166' title='bbox 843 2103 1274 2178; x_wconf 81' lang='lat' dir='ltr'><strong>perpraedicto—M.proedictc</strong></span> 
     </span>
     <span class='ocr_line' id='line_1_19' title="bbox 179 2189 1273 2262; baseline -0.004 -16"><span class='ocrx_word' id='word_1_167' title='bbox 179 2193 251 2246; x_wconf 80' lang='lat' dir='ltr'><strong>³⁹F.</strong></span> <span class='ocrx_word' id='word_1_168' title='bbox 269 2192 302 2245; x_wconf 89' lang='lat' dir='ltr'><strong>L.</strong></span> <span class='ocrx_word' id='word_1_169' title='bbox 321 2192 359 2245; x_wconf 89' lang='lat' dir='ltr'><strong>M.</strong></span> <span class='ocrx_word' id='word_1_170' title='bbox 440 2192 473 2244; x_wconf 88' lang='lat' dir='ltr'><strong>A.</strong></span> <span class='ocrx_word' id='word_1_171' title='bbox 491 2191 525 2244; x_wconf 92' lang='lat' dir='ltr'><strong>H.</strong></span> <span class='ocrx_word' id='word_1_172' title='bbox 544 2190 575 2243; x_wconf 94' lang='lat' dir='ltr'><strong>P.</strong></span> <span class='ocrx_word' id='word_1_173' title='bbox 600 2189 633 2243; x_wconf 95' lang='lat' dir='ltr'><strong>V.</strong></span> <span class='ocrx_word' id='word_1_174' title='bbox 662 2197 688 2246; x_wconf 90' lang='lat' dir='ltr'><strong>et</strong></span> <span class='ocrx_word' id='word_1_175' title='bbox 766 2192 834 2251; x_wconf 49' lang='lat'><strong>⁴2⁴⁵</strong></span> <span class='ocrx_word' id='word_1_176' title='bbox 846 2208 902 2262; x_wconf 82' lang='lat' dir='ltr'><strong>per</strong></span> <span class='ocrx_word' id='word_1_177' title='bbox 919 2189 1033 2244; x_wconf 84' lang='lat' dir='ltr'><strong>diceudo</strong></span> <span class='ocrx_word' id='word_1_178' title='bbox 1057 2189 1128 2256; x_wconf 92' lang='lat' dir='ltr'><strong>quod</strong></span> <span class='ocrx_word' id='word_1_179' title='bbox 1151 2189 1213 2243; x_wconf 90' lang='lat' dir='ltr'><strong>libri</strong></span> <span class='ocrx_word' id='word_1_180' title='bbox 1229 2205 1273 2243; x_wconf 86' lang='lat' dir='ltr'><strong>ve-</strong></span> 
     </span>
     <span class='ocr_line' id='line_1_20' title="bbox 221 2275 1273 2341; baseline -0.001 -10"><span class='ocrx_word' id='word_1_181' title='bbox 221 2277 280 2332; x_wconf 93' lang='lat' dir='ltr'><strong>edd.</strong></span> <span class='ocrx_word' id='word_1_182' title='bbox 299 2275 333 2331; x_wconf 85' lang='lat' dir='ltr'><strong>de</strong></span> <span class='ocrx_word' id='word_1_183' title='bbox 351 2275 459 2331; x_wconf 82' lang='lat' dir='ltr'><strong>Potitiis</strong></span> <span class='ocrx_word' id='word_1_184' title='bbox 807 2281 877 2331; x_wconf 88' lang='lat' dir='ltr'><strong>teres</strong></span> <span class='ocrx_word' id='word_1_185' title='bbox 893 2275 1019 2330; x_wconf 85' lang='lat' dir='ltr'><strong>exhibent</strong></span> <span class='ocrx_word' id='word_1_186' title='bbox 1037 2276 1273 2341; x_wconf 87' lang='lat' dir='ltr'><strong>adunumomnes‚</strong></span> 
     </span>
     <span class='ocr_line' id='line_1_21' title="bbox 161 2359 1056 2433; baseline 0.002 -22"><span class='ocrx_word' id='word_1_187' title='bbox 161 2363 204 2411; x_wconf 75' lang='lat'><strong>‚⁴⁰</strong></span> <span class='ocrx_word' id='word_1_188' title='bbox 220 2362 288 2416; x_wconf 86' lang='lat' dir='ltr'><strong>Edd.</strong></span> <span class='ocrx_word' id='word_1_189' title='bbox 306 2361 354 2415; x_wconf 83' lang='lat' dir='ltr'><strong>sed</strong></span> <span class='ocrx_word' id='word_1_190' title='bbox 371 2368 397 2415; x_wconf 89' lang='lat' dir='ltr'><strong>et</strong></span> <span class='ocrx_word' id='word_1_191' title='bbox 408 2362 517 2433; x_wconf 84' lang='lat' dir='ltr'><strong>justum</strong></span> <span class='ocrx_word' id='word_1_192' title='bbox 534 2391 568 2398; x_wconf 93' lang='lat'><em>-</em></span> <span class='ocrx_word' id='word_1_193' title='bbox 588 2363 622 2416; x_wconf 92' lang='lat' dir='ltr'><strong>A.</strong></span> <span class='ocrx_word' id='word_1_194' title='bbox 641 2361 688 2415; x_wconf 92' lang='lat' dir='ltr'><strong>ad·</strong></span> <span class='ocrx_word' id='word_1_195' title='bbox 807 2361 900 2416; x_wconf 84' lang='lat' dir='ltr'><strong>exulat</strong></span> <span class='ocrx_word' id='word_1_196' title='bbox 917 2361 951 2415; x_wconf 89' lang='lat' dir='ltr'><strong>ab</strong></span> <span class='ocrx_word' id='word_1_197' title='bbox 969 2359 1056 2415; x_wconf 85' lang='lat' dir='ltr'><strong>editis.</strong></span> 
     </span>
     <span class='ocr_line' id='line_1_22' title="bbox 222 2445 1172 2518; baseline 0.001 -18"><span class='ocrx_word' id='word_1_198' title='bbox 222 2445 261 2500; x_wconf 90' lang='lat' dir='ltr'><strong>dit</strong></span> <span class='ocrx_word' id='word_1_199' title='bbox 278 2450 318 2500; x_wconf 85' lang='lat' dir='ltr'><strong>est</strong></span> <span class='ocrx_word' id='word_1_200' title='bbox 767 2448 790 2480; x_wconf 75' lang='lat'><strong>⁴⁵</strong></span> <span class='ocrx_word' id='word_1_201' title='bbox 807 2447 840 2499; x_wconf 93' lang='lat' dir='ltr'><strong>H.</strong></span> <span class='ocrx_word' id='word_1_202' title='bbox 858 2447 925 2500; x_wconf 81' lang='lat' dir='ltr'><strong>sotir</strong></span> <span class='ocrx_word' id='word_1_203' title='bbox 943 2454 982 2499; x_wconf 84' lang='lat' dir='ltr'><strong>cst</strong></span> <span class='ocrx_word' id='word_1_204' title='bbox 994 2447 1057 2517; x_wconf 84' lang='lat' dir='ltr'><strong>jem</strong></span> <span class='ocrx_word' id='word_1_205' title='bbox 1075 2447 1172 2518; x_wconf 82' lang='lat' dir='ltr'><strong>morrif.</strong></span> 
     </span>
     <span class='ocr_line' id='line_1_23' title="bbox 237 2529 1273 2591; baseline 0 -7"><span class='ocrx_word' id='word_1_206' title='bbox 237 2530 274 2591; x_wconf 83' lang='lat' dir='ltr'><strong>H.</strong></span> <span class='ocrx_word' id='word_1_207' title='bbox 290 2530 328 2583; x_wconf 92' lang='lat' dir='ltr'><strong>M.</strong></span> <span class='ocrx_word' id='word_1_208' title='bbox 349 2529 386 2584; x_wconf 85' lang='lat' dir='ltr'><strong>od</strong></span> <span class='ocrx_word' id='word_1_209' title='bbox 401 2529 469 2583; x_wconf 86' lang='lat' dir='ltr'><strong>boec</strong></span> <span class='ocrx_word' id='word_1_210' title='bbox 767 2532 790 2565; x_wconf 70' lang='lat'><strong>⁴⁶</strong></span> <span class='ocrx_word' id='word_1_211' title='bbox 807 2533 840 2585; x_wconf 89' lang='lat' dir='ltr'><strong>A.</strong></span> <span class='ocrx_word' id='word_1_212' title='bbox 857 2532 889 2587; x_wconf 85' lang='lat' dir='ltr'><strong>F.</strong></span> <span class='ocrx_word' id='word_1_213' title='bbox 907 2531 941 2584; x_wconf 91' lang='lat' dir='ltr'><strong>H.</strong></span> <span class='ocrx_word' id='word_1_214' title='bbox 961 2531 997 2583; x_wconf 93' lang='lat' dir='ltr'><strong>M.</strong></span> <span class='ocrx_word' id='word_1_215' title='bbox 1021 2531 1052 2584; x_wconf 94' lang='lat' dir='ltr'><strong>P.</strong></span> <span class='ocrx_word' id='word_1_216' title='bbox 1071 2531 1103 2585; x_wconf 89' lang='lat' dir='ltr'><strong>V.</strong></span> <span class='ocrx_word' id='word_1_217' title='bbox 1130 2563 1164 2571; x_wconf 83' lang='lat'><em>-</em></span> <span class='ocrx_word' id='word_1_218' title='bbox 1189 2531 1221 2588; x_wconf 95' lang='lat' dir='ltr'><strong>L.</strong></span> <span class='ocrx_word' id='word_1_219' title='bbox 1246 2536 1273 2586; x_wconf 90' lang='lat' dir='ltr'><strong>et</strong></span> 
     </span>
     <span class='ocr_line' id='line_1_24' title="bbox 237 2604 1383 2685; baseline -0.001 -16"><span class='ocrx_word' id='word_1_220' title='bbox 237 2616 269 2669; x_wconf 85' lang='lat' dir='ltr'><strong>F.</strong></span> <span class='ocrx_word' id='word_1_221' title='bbox 287 2615 318 2668; x_wconf 94' lang='lat' dir='ltr'><strong>P.</strong></span> <span class='ocrx_word' id='word_1_222' title='bbox 337 2621 454 2685; x_wconf 75' lang='lat' dir='ltr'><strong>coqutur</strong></span> <span class='ocrx_word' id='word_1_223' title='bbox 810 2615 869 2671; x_wconf 85' lang='lat' dir='ltr'><strong>edd.</strong></span> <span class='ocrx_word' id='word_1_224' title='bbox 891 2614 968 2681; x_wconf 80' lang='lat' dir='ltr'><strong>Orroei</strong></span> <span class='ocrx_word' id='word_1_225' title='bbox 985 2623 1011 2668; x_wconf 90' lang='lat' dir='ltr'><strong>et</strong></span> <span class='ocrx_word' id='word_1_226' title='bbox 1374 2604 1383 2624; x_wconf 82' lang='lat'><em>⁰</em></span> 
     </span>
     <span class='ocr_line' id='line_1_25' title="bbox 179 2699 1006 2768; baseline -0.002 -14"><span class='ocrx_word' id='word_1_227' title='bbox 179 2703 203 2735; x_wconf 74' lang='lat'><strong>⁴²</strong></span> <span class='ocrx_word' id='word_1_228' title='bbox 221 2701 324 2756; x_wconf 86' lang='lat' dir='ltr'><strong>utiliter</strong></span> <span class='ocrx_word' id='word_1_229' title='bbox 334 2717 383 2768; x_wconf 92' lang='lat' dir='ltr'><strong>pro</strong></span> <span class='ocrx_word' id='word_1_230' title='bbox 391 2700 580 2754; x_wconf 83' lang='lat' dir='ltr'><strong>urricerrciitcr</strong></span> <span class='ocrx_word' id='word_1_231' title='bbox 589 2699 692 2754; x_wconf 85' lang='lat' dir='ltr'><strong>habent</strong></span> <span class='ocrx_word' id='word_1_232' title='bbox 768 2701 790 2733; x_wconf 63' lang='lat'><strong>⁴⁷</strong></span> <span class='ocrx_word' id='word_1_233' title='bbox 808 2701 839 2754; x_wconf 95' lang='lat' dir='ltr'><strong>L.</strong></span> <span class='ocrx_word' id='word_1_234' title='bbox 858 2701 1006 2755; x_wconf 75' lang='lat' dir='ltr'><strong>sublimiter</strong></span> 
     </span>
    </p>
   </div>
   <div class='ocr_carea' id='block_1_4' title="bbox 357 2851 1078 3058">
    <p class='ocr_par' dir='ltr' id='par_1_5' title="bbox 357 2851 1078 3058">
     <span class='ocr_line' id='line_1_26' title="bbox 357 2851 897 2924; baseline 0 -17"><span class='ocrx_word' id='word_1_235' title='bbox 357 2853 398 2907; x_wconf 84' lang='lat' dir='ltr'><strong>Lu</strong></span> <span class='ocrx_word' id='word_1_236' title='bbox 416 2851 536 2907; x_wconf 79' lang='lat' dir='ltr'><strong>circulor</strong></span> <span class='ocrx_word' id='word_1_237' title='bbox 553 2858 669 2917; x_wconf 79' lang='lat' dir='ltr'><strong>recturo,</strong></span> <span class='ocrx_word' id='word_1_238' title='bbox 680 2851 726 2924; x_wconf 50' lang='lat' dir='ltr'><strong>¹cb&#39;</strong></span> <span class='ocrx_word' id='word_1_239' title='bbox 744 2853 757 2906; x_wconf 80' lang='lat' dir='ltr'><strong>i</strong></span> <span class='ocrx_word' id='word_1_240' title='bbox 774 2853 897 2922; x_wconf 73' lang='lat' dir='ltr'><strong>ctcpqctlo</strong></span> 
     </span>
     <span class='ocr_line' id='line_1_27' title="bbox 424 2919 979 2989; baseline 0.004 -17"><span class='ocrx_word' id='word_1_241' title='bbox 424 2919 488 2974; x_wconf 79' lang='lat' dir='ltr'><strong>Atta</strong></span> <span class='ocrx_word' id='word_1_242' title='bbox 506 2937 568 2974; x_wconf 81' lang='lat' dir='ltr'><strong>ectu</strong></span> <span class='ocrx_word' id='word_1_243' title='bbox 586 2920 699 2982; x_wconf 84' lang='lat' dir='ltr'><strong>mortui,</strong></span> <span class='ocrx_word' id='word_1_244' title='bbox 715 2920 751 2989; x_wconf 79' lang='lat' dir='ltr'><strong>fo</strong></span> <span class='ocrx_word' id='word_1_245' title='bbox 769 2921 818 2974; x_wconf 85' lang='lat' dir='ltr'><strong>beu</strong></span> <span class='ocrx_word' id='word_1_246' title='bbox 836 2935 887 2974; x_wconf 85' lang='lat' dir='ltr'><strong>suo</strong></span> <span class='ocrx_word' id='word_1_247' title='bbox 905 2926 979 2984; x_wconf 89' lang='lat' dir='ltr'><strong>orte,</strong></span> 
     </span>
     <span class='ocr_line' id='line_1_28' title="bbox 423 2986 1078 3058; baseline 0 -18"><span class='ocrx_word' id='word_1_248' title='bbox 423 2987 472 3042; x_wconf 84' lang='lat' dir='ltr'><strong>Mo</strong></span> <span class='ocrx_word' id='word_1_249' title='bbox 490 3003 545 3041; x_wconf 83' lang='lat' dir='ltr'><strong>nort</strong></span> <span class='ocrx_word' id='word_1_250' title='bbox 562 2988 699 3058; x_wconf 70' lang='lat' dir='ltr'><strong>diutiusque</strong></span> <span class='ocrx_word' id='word_1_251' title='bbox 716 2989 732 3042; x_wconf 86' lang='lat' dir='ltr'><strong>t&#39;</strong></span> <span class='ocrx_word' id='word_1_252' title='bbox 748 3003 786 3040; x_wconf 87' lang='lat' dir='ltr'><strong>uu</strong></span> <span class='ocrx_word' id='word_1_253' title='bbox 805 2987 868 3042; x_wconf 87' lang='lat' dir='ltr'><strong>dcti&#39;</strong></span> <span class='ocrx_word' id='word_1_254' title='bbox 886 2988 957 3042; x_wconf 84' lang='lat' dir='ltr'><strong>altro</strong></span> <span class='ocrx_word' id='word_1_255' title='bbox 976 2986 1054 3043; x_wconf 84' lang='lat' dir='ltr'><strong>osteil</strong></span> <span class='ocrx_word' id='word_1_256' title='bbox 1072 3029 1078 3040; x_wconf 95' lang='lat'><strong>.</strong></span> 
     </span>
    </p>
   </div>
   <div class='ocr_carea' id='block_1_5' title="bbox 358 3080 1023 3289">
    <p class='ocr_par' dir='ltr' id='par_1_6' title="bbox 358 3080 1023 3289">
     <span class='ocr_line' id='line_1_29' title="bbox 358 3080 918 3152; baseline 0 -18"><span class='ocrx_word' id='word_1_257' title='bbox 358 3082 456 3146; x_wconf 81' lang='lat' dir='ltr'><strong>Quirtci</strong></span> <span class='ocrx_word' id='word_1_258' title='bbox 472 3080 599 3135; x_wconf 84' lang='lat' dir='ltr'><strong>addicieu</strong></span> <span class='ocrx_word' id='word_1_259' title='bbox 616 3081 655 3136; x_wconf 87' lang='lat' dir='ltr'><strong>eb&#39;</strong></span> <span class='ocrx_word' id='word_1_260' title='bbox 676 3081 751 3136; x_wconf 81' lang='lat' dir='ltr'><strong>Eroti</strong></span> <span class='ocrx_word' id='word_1_261' title='bbox 768 3082 793 3135; x_wconf 83' lang='lat' dir='ltr'><strong>si</strong></span> <span class='ocrx_word' id='word_1_262' title='bbox 809 3081 918 3152; x_wconf 76' lang='lat' dir='ltr'><strong>deporte</strong></span> 
     </span>
     <span class='ocr_line' id='line_1_30' title="bbox 429 3147 980 3216; baseline 0.002 -14"><span class='ocrx_word' id='word_1_263' title='bbox 429 3147 480 3203; x_wconf 85' lang='lat' dir='ltr'><strong>Per</strong></span> <span class='ocrx_word' id='word_1_264' title='bbox 496 3165 567 3203; x_wconf 83' lang='lat' dir='ltr'><strong>reme</strong></span> <span class='ocrx_word' id='word_1_265' title='bbox 584 3149 620 3204; x_wconf 82' lang='lat' dir='ltr'><strong>da</strong></span> <span class='ocrx_word' id='word_1_266' title='bbox 637 3149 739 3216; x_wconf 82' lang='lat' dir='ltr'><strong>Jacob,</strong></span> <span class='ocrx_word' id='word_1_267' title='bbox 757 3167 772 3204; x_wconf 91' lang='lat' dir='ltr'><strong>c</strong></span> <span class='ocrx_word' id='word_1_268' title='bbox 789 3150 849 3203; x_wconf 85' lang='lat' dir='ltr'><strong>cieu</strong></span> <span class='ocrx_word' id='word_1_269' title='bbox 869 3147 980 3214; x_wconf 77' lang='lat' dir='ltr'><strong>Quirino</strong></span> 
     </span>
     <span class='ocr_line' id='line_1_31' title="bbox 425 3217 1023 3289; baseline -0.002 -18"><span class='ocrx_word' id='word_1_270' title='bbox 425 3217 469 3271; x_wconf 87' lang='lat' dir='ltr'><strong>Dc</strong></span> <span class='ocrx_word' id='word_1_271' title='bbox 487 3217 510 3271; x_wconf 83' lang='lat' dir='ltr'><strong>si</strong></span> <span class='ocrx_word' id='word_1_272' title='bbox 528 3218 566 3271; x_wconf 85' lang='lat' dir='ltr'><strong>vil</strong></span> <span class='ocrx_word' id='word_1_273' title='bbox 579 3217 668 3289; x_wconf 81' lang='lat' dir='ltr'><strong>padre</strong></span> <span class='ocrx_word' id='word_1_274' title='bbox 686 3217 734 3272; x_wconf 79' lang='lat' dir='ltr'><strong>cicc</strong></span> <span class='ocrx_word' id='word_1_275' title='bbox 751 3219 777 3272; x_wconf 86' lang='lat' dir='ltr'><strong>si</strong></span> <span class='ocrx_word' id='word_1_276' title='bbox 791 3217 874 3271; x_wconf 84' lang='lat' dir='ltr'><strong>reude</strong></span> <span class='ocrx_word' id='word_1_277' title='bbox 891 3235 909 3271; x_wconf 87' lang='lat' dir='ltr'><strong>c</strong></span> <span class='ocrx_word' id='word_1_278' title='bbox 926 3217 1023 3272; x_wconf 85' lang='lat' dir='ltr'><strong>Morte.</strong></span> 
     </span>
    </p>
   </div>
   <div class='ocr_carea' id='block_1_6' title="bbox 355 3309 973 3459">
    <p class='ocr_par' dir='ltr' id='par_1_7' title="bbox 355 3309 973 3459">
     <span class='ocr_line' id='line_1_32' title="bbox 355 3309 870 3381; baseline 0 -17"><span class='ocrx_word' id='word_1_279' title='bbox 355 3309 468 3364; x_wconf 81' lang='lat' dir='ltr'><strong>Matura</strong></span> <span class='ocrx_word' id='word_1_280' title='bbox 484 3316 616 3381; x_wconf 71' lang='lat' dir='ltr'><strong>peccota</strong></span> <span class='ocrx_word' id='word_1_281' title='bbox 633 3312 655 3365; x_wconf 83' lang='lat' dir='ltr'><strong>il</strong></span> <span class='ocrx_word' id='word_1_282' title='bbox 669 3326 721 3365; x_wconf 76' lang='lat' dir='ltr'><strong>creo</strong></span> <span class='ocrx_word' id='word_1_283' title='bbox 738 3313 870 3366; x_wconf 80' lang='lat' dir='ltr'><strong>committo</strong></span> 
     </span>
     <span class='ocr_line' id='line_1_33' title="bbox 426 3376 973 3459; baseline 0.004 -28"><span class='ocrx_word' id='word_1_284' title='bbox 426 3376 506 3432; x_wconf 76' lang='lat' dir='ltr'><strong>Sturii</strong></span> <span class='ocrx_word' id='word_1_285' title='bbox 520 3379 635 3447; x_wconf 83' lang='lat' dir='ltr'><strong>surebbc</strong></span> <span class='ocrx_word' id='word_1_286' title='bbox 651 3395 758 3459; x_wconf 73' lang='lat' dir='ltr'><strong>accipre</strong></span> <span class='ocrx_word' id='word_1_287' title='bbox 775 3381 805 3434; x_wconf 87' lang='lat' dir='ltr'><strong>oi</strong></span> <span class='ocrx_word' id='word_1_288' title='bbox 821 3381 973 3446; x_wconf 82' lang='lat' dir='ltr'><strong>ceucrcutr&#39;,</strong></span> 
     </span>
    </p>
   </div>
   <div class='ocr_carea' id='block_1_7' title="bbox 273 3438 984 3581">
    <p class='ocr_par' dir='ltr' id='par_1_8' title="bbox 273 3438 984 3581">
     <span class='ocr_line' id='line_1_34' title="bbox 425 3438 984 3519; baseline 0.004 -21"><span class='ocrx_word' id='word_1_289' title='bbox 425 3444 461 3499; x_wconf 84' lang='lat' dir='ltr'><strong>Se</strong></span> <span class='ocrx_word' id='word_1_290' title='bbox 476 3462 531 3500; x_wconf 81' lang='lat' dir='ltr'><strong>riou</strong></span> <span class='ocrx_word' id='word_1_291' title='bbox 548 3448 666 3502; x_wconf 84' lang='lat' dir='ltr'><strong>oiucessc</strong></span> <span class='ocrx_word' id='word_1_292' title='bbox 683 3449 705 3502; x_wconf 84' lang='lat' dir='ltr'><strong>rt</strong></span> <span class='ocrx_word' id='word_1_293' title='bbox 715 3438 869 3519; x_wconf 77' lang='lat' dir='ltr'><strong>provveder</strong></span> <span class='ocrx_word' id='word_1_294' title='bbox 886 3448 984 3503; x_wconf 83' lang='lat' dir='ltr'><strong>diuino.</strong></span> 
     </span>
     <span class='ocr_line' id='line_1_35' title="bbox 273 3513 669 3581; baseline 0 -13"><span class='ocrx_word' id='word_1_295' title='bbox 273 3513 314 3568; x_wconf 77' lang='lat' dir='ltr'><strong>(if.</strong></span> <span class='ocrx_word' id='word_1_296' title='bbox 334 3520 360 3568; x_wconf 89' lang='lat' dir='ltr'><strong>et</strong></span> <span class='ocrx_word' id='word_1_297' title='bbox 377 3513 518 3581; x_wconf 85' lang='lat' dir='ltr'><strong>Purgator.</strong></span> <span class='ocrx_word' id='word_1_298' title='bbox 538 3515 609 3568; x_wconf 91' lang='lat' dir='ltr'><strong>XlV.</strong></span> <span class='ocrx_word' id='word_1_299' title='bbox 628 3521 669 3570; x_wconf 87' lang='grc'><strong>38.</strong></span> 
     </span>
    </p>
   </div>
   <div class='ocr_carea' id='block_1_8' title="bbox 151 3614 1271 3832">
    <p class='ocr_par' dir='ltr' id='par_1_9' title="bbox 151 3614 1271 3832">
     <span class='ocr_line' id='line_1_36' title="bbox 222 3614 1270 3687; baseline -0.002 -16"><span class='ocrx_word' id='word_1_300' title='bbox 222 3618 449 3671; x_wconf 77' lang='lat' dir='ltr'><strong>³⁰An1sn0nnu1s</strong></span> <span class='ocrx_word' id='word_1_301' title='bbox 467 3614 582 3669; x_wconf 82' lang='lat' dir='ltr'><strong>Politice</strong></span> <span class='ocrx_word' id='word_1_302' title='bbox 600 3617 620 3668; x_wconf 94' lang='lat' dir='ltr'><strong>l.</strong></span> <span class='ocrx_word' id='word_1_303' title='bbox 632 3621 655 3671; x_wconf 89' lang='lat'><strong>8.</strong></span> <span class='ocrx_word' id='word_1_304' title='bbox 675 3617 826 3681; x_wconf 83' lang='lat' dir='ltr'><strong>(translatio</strong></span> <span class='ocrx_word' id='word_1_305' title='bbox 844 3619 965 3687; x_wconf 86' lang='lat' dir='ltr'><strong>antiqua)</strong></span> <span class='ocrx_word' id='word_1_306' title='bbox 983 3617 1031 3684; x_wconf 70' lang='lat' dir='ltr'><strong>,In</strong></span> <span class='ocrx_word' id='word_1_307' title='bbox 1047 3616 1207 3685; x_wconf 83' lang='lat' dir='ltr'><strong>quibusdam</strong></span> <span class='ocrx_word' id='word_1_308' title='bbox 1225 3615 1270 3670; x_wconf 93' lang='lat' dir='ltr'><strong>de-</strong></span> 
     </span>
     <span class='ocr_line' id='line_1_37' title="bbox 151 3683 1271 3753; baseline -0.005 -11"><span class='ocrx_word' id='word_1_309' title='bbox 151 3687 334 3749; x_wconf 85' lang='lat' dir='ltr'><strong>terminatum,</strong></span> <span class='ocrx_word' id='word_1_310' title='bbox 352 3683 424 3750; x_wconf 88' lang='lat' dir='ltr'><strong>quod</strong></span> <span class='ocrx_word' id='word_1_311' title='bbox 441 3683 504 3747; x_wconf 88' lang='lat' dir='ltr'><strong>tale,</strong></span> <span class='ocrx_word' id='word_1_312' title='bbox 524 3699 636 3750; x_wconf 89' lang='lat' dir='ltr'><strong>quorum</strong></span> <span class='ocrx_word' id='word_1_313' title='bbox 655 3685 762 3753; x_wconf 88' lang='lat' dir='ltr'><strong>quidam</strong></span> <span class='ocrx_word' id='word_1_314' title='bbox 770 3684 835 3739; x_wconf 92' lang='lat' dir='ltr'><strong>huic</strong></span> <span class='ocrx_word' id='word_1_315' title='bbox 852 3701 885 3740; x_wconf 87' lang='lat' dir='ltr'><strong>ex</strong></span> <span class='ocrx_word' id='word_1_316' title='bbox 906 3685 959 3739; x_wconf 90' lang='lat' dir='ltr'><strong>edit</strong></span> <span class='ocrx_word' id='word_1_317' title='bbox 974 3685 1081 3752; x_wconf 87' lang='lat' dir='ltr'><strong>servire,</strong></span> <span class='ocrx_word' id='word_1_318' title='bbox 1099 3684 1162 3738; x_wconf 89' lang='lat' dir='ltr'><strong>hnic</strong></span> <span class='ocrx_word' id='word_1_319' title='bbox 1180 3690 1271 3737; x_wconf 87' lang='lat' dir='ltr'><strong>autem</strong></span> 
     </span>
     <span class='ocr_line' id='line_1_38' title="bbox 152 3703 1271 3832; baseline -0.006 -21"><span class='ocrx_word' id='word_1_320' title='bbox 152 3752 298 3818; x_wconf 86' lang='lat' dir='ltr'><strong>dominari,</strong></span> <span class='ocrx_word' id='word_1_321' title='bbox 324 3756 351 3806; x_wconf 90' lang='lat' dir='ltr'><strong>et</strong></span> <span class='ocrx_word' id='word_1_322' title='bbox 365 3752 469 3820; x_wconf 86' lang='lat' dir='ltr'><strong>justum</strong></span> <span class='ocrx_word' id='word_1_323' title='bbox 488 3757 542 3817; x_wconf 87' lang='lat' dir='ltr'><strong>est,</strong></span> <span class='ocrx_word' id='word_1_324' title='bbox 566 3757 593 3804; x_wconf 90' lang='lat' dir='ltr'><strong>et</strong></span> <span class='ocrx_word' id='word_1_325' title='bbox 617 3759 724 3832; x_wconf 83' lang='lat' dir='ltr'><strong>oportet</strong></span> <span class='ocrx_word' id='word_1_326' title='bbox 740 3753 813 3807; x_wconf 92' lang='lat' dir='ltr'><strong>hunc</strong></span> <span class='ocrx_word' id='word_1_327' title='bbox 832 3703 938 3822; x_wconf 74' lang='lat' dir='ltr'><strong>quidem</strong></span> <span class='ocrx_word' id='word_1_328' title='bbox 955 3753 1065 3820; x_wconf 86' lang='lat' dir='ltr'><strong>subjici,</strong></span> <span class='ocrx_word' id='word_1_329' title='bbox 1090 3752 1162 3805; x_wconf 88' lang='lat' dir='ltr'><strong>hunc</strong></span> <span class='ocrx_word' id='word_1_330' title='bbox 1180 3757 1271 3805; x_wconf 88' lang='lat' dir='ltr'><strong>autem</strong></span> 
     </span>
    </p>
   </div>
   <div class='ocr_carea' id='block_1_9' title="bbox 151 3818 1270 3942">
    <p class='ocr_par' dir='ltr' id='par_1_10' title="bbox 151 3818 1270 3942">
     <span class='ocr_line' id='line_1_39' title="bbox 151 3818 1270 3942; baseline -0.003 -65"><span class='ocrx_word' id='word_1_331' title='bbox 151 3822 305 3894; x_wconf 85' lang='lat' dir='ltr'><strong>principari,</strong></span> <span class='ocrx_word' id='word_1_332' title='bbox 321 3835 377 3942; x_wconf 67' lang='lat' dir='ltr'><strong>duo</strong></span> <span class='ocrx_word' id='word_1_333' title='bbox 388 3820 446 3873; x_wconf 92' lang='lat' dir='ltr'><strong>nati</strong></span> <span class='ocrx_word' id='word_1_334' title='bbox 463 3825 526 3874; x_wconf 89' lang='lat' dir='ltr'><strong>sunt</strong></span> <span class='ocrx_word' id='word_1_335' title='bbox 542 3820 704 3888; x_wconf 89' lang='lat' dir='ltr'><strong>princrpatu,</strong></span> <span class='ocrx_word' id='word_1_336' title='bbox 722 3821 896 3889; x_wconf 75' lang='lat' dir='ltr'><strong>principarir‘</strong></span> <span class='ocrx_word' id='word_1_337' title='bbox 923 3821 1041 3874; x_wconf 71' lang='lat' dir='ltr'><strong>Trionis</strong></span> <span class='ocrx_word' id='word_1_338' title='bbox 1049 3821 1175 3883; x_wconf 73' lang='lat' dir='ltr'><strong>Auernus</strong></span> <span class='ocrx_word' id='word_1_339' title='bbox 1192 3818 1270 3874; x_wconf 85' lang='lat' dir='ltr'><strong>ibid:</strong></span> 
     </span>
    </p>
   </div>
   <div class='ocr_carea' id='block_1_10' title="bbox 152 3886 1271 4287">
    <p class='ocr_par' dir='ltr' id='par_1_11' title="bbox 152 3886 1271 4287">
     <span class='ocr_line' id='line_1_40' title="bbox 152 3886 1271 3959; baseline -0.004 -13"><span class='ocrx_word' id='word_1_340' title='bbox 152 3892 203 3959; x_wconf 92' lang='lat' dir='ltr'><strong>„In</strong></span> <span class='ocrx_word' id='word_1_341' title='bbox 222 3891 319 3959; x_wconf 87' lang='lat' dir='ltr'><strong>quibus</strong></span> <span class='ocrx_word' id='word_1_342' title='bbox 340 3904 383 3941; x_wconf 89' lang='lat' dir='ltr'><strong>am</strong></span> <span class='ocrx_word' id='word_1_343' title='bbox 400 3886 573 3954; x_wconf 87' lang='lat' dir='ltr'><strong>distinguitur</strong></span> <span class='ocrx_word' id='word_1_344' title='bbox 590 3894 780 3956; x_wconf 80' lang='lat' dir='ltr'><strong>pernaturam</strong></span> <span class='ocrx_word' id='word_1_345' title='bbox 799 3894 826 3943; x_wconf 89' lang='lat' dir='ltr'><strong>et</strong></span> <span class='ocrx_word' id='word_1_346' title='bbox 842 3890 869 3942; x_wconf 93' lang='lat' dir='ltr'><strong>in</strong></span> <span class='ocrx_word' id='word_1_347' title='bbox 879 3889 978 3943; x_wconf 90' lang='lat' dir='ltr'><strong>talibus</strong></span> <span class='ocrx_word' id='word_1_348' title='bbox 987 3888 1102 3956; x_wconf 85' lang='lat' dir='ltr'><strong>expedit,</strong></span> <span class='ocrx_word' id='word_1_349' title='bbox 1120 3887 1184 3942; x_wconf 91' lang='lat' dir='ltr'><strong>huic</strong></span> <span class='ocrx_word' id='word_1_350' title='bbox 1200 3887 1271 3956; x_wconf 91' lang='lat' dir='ltr'><strong>quod</strong></span> 
     </span>
     <span class='ocr_line' id='line_1_41' title="bbox 152 3955 1269 4026; baseline -0.004 -11"><span class='ocrx_word' id='word_1_351' title='bbox 152 3959 260 4025; x_wconf 85' lang='lat' dir='ltr'><strong>serviat,</strong></span> <span class='ocrx_word' id='word_1_352' title='bbox 278 3961 306 4012; x_wconf 89' lang='lat' dir='ltr'><strong>et</strong></span> <span class='ocrx_word' id='word_1_353' title='bbox 321 3956 360 4010; x_wconf 89' lang='lat' dir='ltr'><strong>illi</strong></span> <span class='ocrx_word' id='word_1_354' title='bbox 378 3956 449 4025; x_wconf 90' lang='lat' dir='ltr'><strong>quod</strong></span> <span class='ocrx_word' id='word_1_355' title='bbox 467 3955 626 4021; x_wconf 87' lang='lat' dir='ltr'><strong>dominetur,</strong></span> <span class='ocrx_word' id='word_1_356' title='bbox 645 3963 672 4010; x_wconf 89' lang='lat' dir='ltr'><strong>et</strong></span> <span class='ocrx_word' id='word_1_357' title='bbox 684 3956 736 4010; x_wconf 90' lang='lat' dir='ltr'><strong>hoc</strong></span> <span class='ocrx_word' id='word_1_358' title='bbox 752 3956 832 4010; x_wconf 90' lang='lat' dir='ltr'><strong>etiam</strong></span> <span class='ocrx_word' id='word_1_359' title='bbox 847 3957 951 4024; x_wconf 88' lang='lat' dir='ltr'><strong>justum</strong></span> <span class='ocrx_word' id='word_1_360' title='bbox 969 3962 1017 4010; x_wconf 88' lang='lat' dir='ltr'><strong>est.</strong></span> <span class='ocrx_word' id='word_1_361' title='bbox 1045 3957 1082 4009; x_wconf 89' lang='lat' dir='ltr'><strong>Et</strong></span> <span class='ocrx_word' id='word_1_362' title='bbox 1093 3956 1145 4011; x_wconf 92' lang='lat' dir='ltr'><strong>hoc</strong></span> <span class='ocrx_word' id='word_1_363' title='bbox 1161 3957 1269 4026; x_wconf 87' lang='lat' dir='ltr'><strong>probat,</strong></span> 
     </span>
     <span class='ocr_line' id='line_1_42' title="bbox 152 4024 1269 4150; baseline -0.002 -67"><span class='ocrx_word' id='word_1_364' title='bbox 152 4028 215 4150; x_wconf 60' lang='lat' dir='ltr'><strong>guia</strong></span> <span class='ocrx_word' id='word_1_365' title='bbox 233 4031 426 4095; x_wconf 88' lang='lat' dir='ltr'><strong>opportunum,</strong></span> <span class='ocrx_word' id='word_1_366' title='bbox 451 4025 721 4104; x_wconf 30' lang='lat' dir='ltr'><strong>quoduunusquisque</strong></span> <span class='ocrx_word' id='word_1_367' title='bbox 739 4025 899 4123; x_wconf 82' lang='lat' dir='ltr'><strong>subjiciatur</strong></span> <span class='ocrx_word' id='word_1_368' title='bbox 916 4025 957 4104; x_wconf 86' lang='lat' dir='ltr'><strong>vel</strong></span> <span class='ocrx_word' id='word_1_369' title='bbox 973 4024 1155 4104; x_wconf 82' lang='lat' dir='ltr'><strong>principetur,</strong></span> <span class='ocrx_word' id='word_1_370' title='bbox 1174 4039 1269 4104; x_wconf 79' lang='lat' dir='ltr'><strong>secun-</strong></span> 
     </span>
     <span class='ocr_line' id='line_1_43' title="bbox 152 4091 1269 4229; baseline -0.003 -12"><span class='ocrx_word' id='word_1_371' title='bbox 152 4091 1269 4229; x_wconf 60' lang='lat' dir='ltr'><strong>cultibilitrilibri.illiciti.iltuitltttPMtitt</strong></span> 
     </span>
     <span class='ocr_line' id='line_1_44' title="bbox 152 4231 365 4287; baseline -0.023 -1"><span class='ocrx_word' id='word_1_372' title='bbox 152 4233 221 4287; x_wconf 89' lang='lat' dir='ltr'><strong>Aen.</strong></span> <span class='ocrx_word' id='word_1_373' title='bbox 240 4231 285 4285; x_wconf 93' lang='lat' dir='ltr'><strong>Vl.</strong></span> <span class='ocrx_word' id='word_1_374' title='bbox 306 4233 365 4283; x_wconf 80' lang='grc'><strong>848.</strong></span> 
     </span>
    </p>
   </div>
   <div class='ocr_carea' id='block_1_11' title="bbox 0 0 1483 4808">
    <p class='ocr_par' dir='ltr' id='par_1_12' title="bbox 0 0 1483 4808">
     <span class='ocr_line' id='line_1_45' title="bbox 0 0 1483 4808; baseline 0 0"><span class='ocrx_word' id='word_1_375' title='bbox 0 0 1483 4808; x_wconf 95' lang='lat' dir='ltr'><strong> </strong></span> 
     </span>
    </p>
   </div>
  </div>
 </body>
</html>
