2940 4808
396 885 586 1005 snmus
610 885 1035 968 01111110111.

112 1218 118 1231 .
192 1173 289 1211 UTRUM
306 1173 343 1209 AD
361 1173 433 1209 BENE
451 1173 515 1209 ESSE
532 1171 623 1207 MUNDI
640 1171 804 1208 motiuncula
822 1172 996 1209 TEMPORALIS
1014 1168 1182 1210 nacnssama
1201 1173 1254 1211 SIT.

159 1309 223 1378 Cap.
250 1315 272 1363 1.
309 1308 486 1363 Prooemium.

187 1432 206 1460 ,‚-
249 1399 272 1449 2.
309 1393 374 1461 Quis
393 1393 429 1446 sit
446 1392 506 1446 finis
525 1392 681 1446 universalis
701 1392 835 1445 civilitatis
853 1392 963 1446 humani
980 1393 1105 1461 generis?

186 1521 201 1546 „
247 1485 271 1534 3.
306 1480 358 1533 Est
375 1485 487 1532 actuaro
504 1482 587 1531 totam
606 1476 753 1544 potentiam
771 1477 1067 1546 intellectuspossibilis
1083 1478 1117 1530 ad
1136 1479 1283 1546 speculan-

312 1563 375 1616 dum
394 1567 420 1616 et
439 1562 472 1615 ad
490 1561 663 1629 operandum.
710 1609 716 1617 .

186 1691 201 1715 „
246 1653 270 1702 4.
307 1648 399 1702 Genus
416 1647 577 1707 humanum,
602 1653 633 1699 ut
658 1645 692 1698 ad
710 1646 783 1699 hunc
801 1645 881 1700 finem
899 1647 1053 1715 perveniat,
1076 1647 1195 1716 indigere
1213 1664 1285 1717 pace

312 1733 465 1787 universali.
774 1780 778 1785 ,
930 1745 934 1754 ·

185 1860 201 1886 „
246 1823 269 1871 5.
306 1817 418 1884 Quando
437 1816 516 1885 plura
526 1816 684 1871 ordinantur
693 1815 727 1868 ad
738 1832 829 1880 unum,
849 1823 972 1884 oportere
983 1833 1065 1871 unum
1077 1833 1169 1871 eorum
1179 1833 1284 1886 regere,

313 1903 365 1955 alia
384 1917 445 1955 vero
464 1901 526 1968 regi.

186 2029 200 2053 ‚,
247 1993 270 2041 6.
308 1986 444 2048 Ordinem,
455 1985 500 2053 qui
511 1985 645 2054 reperitur
654 1986 681 2038 in
691 1986 814 2054 partibus
823 1985 957 2038 humanae
966 1985 1155 2052 multitudinis,
1167 1989 1283 2056 reperiri

313 2072 410 2124 debere
427 2071 456 2123 in
473 2070 616 2123 totalitate.

187 2197 203 2220 „
249 2161 272 2208 7.
309 2155 386 2208 Siout
409 2148 569 2208 universitas
592 2156 708 2207 humana
732 2155 766 2207 ad
786 2155 886 2218 Deum,
913 2153 951 2207 ita
974 2170 1056 2222 regna
1079 2163 1106 2208 et
1128 2163 1221 2224 gentes
1246 2157 1282 2210 ad

313 2241 490 2293 Monarcham
508 2239 670 2308 respondere
689 2240 794 2293 debere.
884 2253 886 2257 ⁴

185 2366 200 2392 „
246 2329 269 2378 8.
305 2325 433 2378 Homines
451 2325 485 2378 ad
503 2325 643 2392 imaginem
661 2324 713 2378 Dei
730 2324 797 2377 facti
816 2329 891 2388 suut3
910 2323 986 2376 Deus
1003 2339 1065 2376 vero
1084 2341 1154 2377 unus
1172 2328 1222 2378 est.

185 2451 201 2476 „
245 2414 269 2464 9.
305 2409 443 2471 Homines,
463 2410 507 2476 qui
524 2409 573 2461 filii
591 2414 655 2462 sunt
673 2409 748 2472 coeli,
767 2408 878 2474 vestigia
896 2407 965 2461 ooeli
982 2408 1083 2462 imitari
1100 2408 1203 2463 decere.

185 2535 201 2559 „
232 2499 269 2548 10.
305 2493 342 2548 Ut
360 2497 457 2548 cuneta
474 2492 560 2562 litigia
578 2493 743 2550 dirimantur.
762 2508 863 2564 summo
879 2493 971 2560 judice
990 2509 1058 2561 opus
1077 2508 1143 2547 esse.

185 2621 200 2645 „
230 2585 269 2632 11.
305 2579 450 2642 Mundum,
476 2595 556 2646 quum
570 2578 677 2646 justitia
700 2579 728 2631 in
753 2594 784 2632 eo
803 2578 838 2632 sit
860 2578 1014 2646 potissima,
1042 2578 1140 2646 optime
1164 2578 1281 2647 disposi-

311 2672 368 2717 tum
386 2679 453 2717 esse.

185 2788 200 2814 „
231 2752 281 2823 12.ι
306 2748 459 2801 Humanum
478 2764 576 2816 genus,
594 2749 732 2816 potissime
750 2747 879 2811 liberum,
898 2748 996 2816 optime
1015 2763 1043 2800 se
1060 2748 1166 2800 habere.

185 2873 200 2899 ,‚
233 2837 271 2887 13.
309 2833 414 2901 Optime
433 2833 467 2897 ad
484 2833 628 2901 regendum
646 2832 805 2901 dispositum
824 2832 892 2885 alios
910 2832 1010 2899 optime
1028 2832 1169 2900 disponere
1186 2847 1276 2900 posse.

185 2959 200 2983 „
231 2922 269 2970 11.
306 2916 382 2984 Quod
408 2917 467 2970 fieri
492 2924 581 2985 potest
609 2934 657 2986 per
684 2934 782 2980 unum,
810 2918 903 2971 melius
930 2932 979 2984 per
1005 2932 1087 2969 unum
1113 2915 1171 2970 fieri
1199 2933 1280 2985 quam

311 3018 360 3070 per
377 3003 475 3070 plures.

187 3128 203 3152 „
232 3092 271 3140 15.
308 3087 339 3139 In
358 3088 429 3139 omni
447 3102 542 3154 genere
561 3089 690 3156 optimum
709 3087 856 3155 essequod
876 3091 916 3139 est
934 3087 1048 3139 maxime
1067 3103 1157 3139 111111.

187 3212 202 3235 ,,
233 3177 270 3225 16.
307 3171 442 3224 Christum
475 3172 502 3224 in
529 3172 695 3240 plenitudine
727 3172 855 3240 temporis
895 3173 944 3225 sub
976 3173 1099 3238 Augusto
1127 3170 1284 3225 Monarcha

311 3257 386 3308 nasoi
404 3257 529 3310 voluisse.

554 3509 666 3562 LIBER
685 3509 881 3563 SECUNDUS.

158 3626 255 3663 1111111
272 3626 402 3664 nonarius
421 3627 544 3664 ronanus
562 3628 599 3663 nn
620 3627 686 3664 111111
705 3627 760 3665 suar
782 3620 1281 3666 111011111111111110101111111.

159 3761 224 3830 Cap.
252 3769 272 3814 1.
306 3762 484 3817 Prooemium.

187 3887 201 3912 „
246 3851 269 3900 1.
306 3848 337 3900 Id
347 3848 418 3915 quod
430 3849 503 3902 ltens
513 3851 541 3901 in
550 3850 679 3902 societate
689 3849 824 3903 hominum
835 3849 898 3908 vult,
909 3864 957 3917 pro
974 3848 1036 3916 jure
1047 3848 1201 3902 habendum
1211 3864 1280 3904 esse.

185 3973 201 3999 „
246 3938 269 3987 3.
305 3933 437 4001 Populum
448 3933 606 3998 Romanum,
625 3940 762 4001 tamquam
771 3933 972 3996 nobilissimum,
992 3933 1115 3987 omnibus
1125 3933 1185 3986 aliis
1200 3950 1280 4002 prae·
1368 3970 1371 3974 ·

310 4017 375 4070 ferri
394 4018 543 4071 convenire.

185 4144 200 4168 „
245 4107 269 4155 4.
305 4102 455 4155 Romanum
472 4103 629 4170 Imperium,
658 4103 718 4170 quia
742 4103 932 4180 miraculorum
956 4102 1083 4170 suffragio
1108 4103 1244 4172 adjutum,
1263 4120 1282 4159 a

312 4187 369 4240 Deo
387 4187 496 4240 volitum
515 4203 581 4241 esse.
