2940 4808
516 312 799 369 Pnonnoonnnn.
1132 314 1221 369 XLIII

196 486 234 558 ln
262 511 403 584 quonam
430 509 506 558 vero
539 486 681 557 auctoris
707 487 810 559 nostri
836 488 967 582 scripto,
992 498 1066 560 ante
1093 512 1215 560 annum

102 617 209 706 1300,
235 616 274 686 ad
303 637 400 710 quem
427 613 584 684 visionem
605 609 800 684 Comoedias
825 613 936 706 refert,
963 617 1157 712 composito,
1182 617 1216 688 in

100 766 260 842 quonam,
300 740 453 830 obsecro,
484 739 617 833 vestigia
651 740 714 812 stili
751 739 917 836 Virgiliani
951 742 1217 838 deprehendistii

98 871 237 942 Putasne
266 867 370 939 Vitam
406 892 540 958 novam,
572 867 620 938 val
648 866 822 940 Cantioues
855 879 929 939 ante
961 870 1091 943 exilium
1127 895 1217 944 com·

99 1000 219 1096 positas
252 995 442 1089 Virgilium,
485 996 576 1090 quasi
610 996 801 1085 magistrum
843 995 1004 1068 scribendi
1047 998 1217 1070 redolerel

98 1126 218 1216 Unum,
244 1132 370 1219 praeter
394 1120 616 1213 Comoediam,
640 1123 780 1194 auctoris
807 1124 909 1195 nostri
934 1134 1038 1196 exstat
1063 1149 1156 1222 apua,
1182 1126 1215 1197 in

99 1278 162 1350 quo
189 1250 332 1345 Virgilii,
364 1248 570 1320 Monarchiae
596 1248 762 1322 Romanae
797 1251 947 1341 cantoris,
973 1253 1105 1346 vestigia
1139 1277 1214 1324 aum

100 1405 169 1452 esse
196 1388 370 1474 sequutum
391 1377 506 1448 merito
525 1376 587 1447 dici
613 1388 734 1473 potest:
761 1375 958 1467 Mounichia,
976 1377 1009 1448 in
1038 1403 1100 1474 qua
1126 1379 1216 1451 locos

100 1531 136 1579 ex
163 1504 316 1602 operibus
345 1502 479 1597 Virgilii,
505 1526 601 1598 quem
631 1504 817 1576 nominibus
843 1503 979 1596 „Poetae
1007 1507 1141 1596 uostri“,
1166 1507 1216 1578 vel

100 1633 227 1725 „nostri
254 1630 369 1701 Vatis“
395 1630 543 1720 denotat,
579 1640 754 1701 uteorum
782 1633 969 1703 auctoritate
998 1642 1121 1723 utatur,
1149 1657 1214 1704 non

101 1764 210 1832 minus
238 1756 457 1851 duodeviginti
483 1757 584 1828 alleri.
600 1756 651 1850 43)

199 1886 354 1958 Dicamus
392 1886 490 1980 igilur
534 1883 633 1956 libros
676 1883 716 1955 de
751 1881 938 1955 Monarchia
978 1897 1052 1957 ante
1087 1896 1217 1983 tempus

99 2015 251 2087 Paschale
284 2013 360 2083 anni
391 2013 487 2084 1300
522 2035 586 2082 non
614 2011 719 2083 solum
747 2035 819 2083 esse
847 2015 1061 2110 compositos,
1091 2014 1216 2086 sedita

100 2142 162 2214 iam
191 2165 208 2211 a
236 2139 359 2210 coaevis
386 2139 486 2210 luisse
513 2138 681 2228 lectitams
699 2149 734 2210 ut
760 2149 873 2210 auctor
900 2163 965 2210 nou
992 2142 1158 2214 immerito
1177 2143 1217 2213 de

100 2269 224 2340 honore
250 2265 325 2337 inde
353 2277 554 2362 consequuta
582 2265 712 2359 gloriari
739 2264 953 2366 posuerit.⁴⁴)

100 2453 303 2464 .—.-—--

182 2569 213 2633 ⁴³)
232 2565 317 2634 „Stili
339 2565 506 2638 Virgilium*
530 2565 647 2634 vestigia
671 2567 782 2622 doctiss.
808 2569 917 2638 quidem
941 2567 1083 2636 Wegele
1108 2569 1151 2631 (D.
1170 2567 1215 2624 Al.

99 2661 192 2718 beben
216 2677 243 2714 n.
259 2659 362 2715 Werke
383 2675 410 2727 p.
429 2663 488 2724 348,
506 2662 549 2725 491
572 2660 599 2713 in
616 2661 736 2716 auctoris
759 2661 845 2717 nostri
864 2661 1107 2730 compositionibus
1125 2662 1217 2732 lyricis

99 2770 170 2810 anno
191 2758 257 2810 1300
274 2752 454 2808 anterioribus
473 2752 676 2819 deprehendere
701 2754 753 2810 sibi
769 2754 845 2809 visus
863 2759 915 2820 est,
932 2754 981 2810 sed
1003 2770 1037 2807 an
1054 2754 1156 2809 multos
1173 2754 1216 2808 in-

99 2849 190 2904 veniet
208 2846 418 2907 eonsentientes,
436 2846 541 2901 dubito.
576 2846 725 2901 citationes
743 2844 907 2915 Virgilianae
924 2848 951 2900 iu
969 2861 1052 2914 opere
1069 2850 1172 2912 nostro,
1190 2853 1217 2901 et

99 2941 184 3011 ipsius
194 2946 384 3009 argumentum
394 2939 537 3008 proposito
546 2938 685 2993 Aeneidos
695 2937 789 3006 simile,
799 2940 864 2994 nihil
872 2955 923 3008 pro
941 2940 1120 2996 nobisfaoere
1138 2947 1217 3010 putat

99 3034 169 3090 idem
180 3034 342 3096 virdoatns,
359 3047 442 3100 quum
453 3032 630 3098 ‚,stilus“uon
648 3032 683 3086 de
701 3047 735 3087 eo
753 3034 848 3102 quod
865 3034 978 3096 dicitnr,
996 3035 1046 3090 sed
1063 3036 1098 3091 de
1117 3036 1216 3090 modo

99 3127 207 3182 dicendi
231 3130 384 3194 usurpetur.
419 3124 559 3180 Advertas
582 3129 672 3179 tamen
690 3127 771 3181 etiam
795 3128 823 3181 in
840 3129 1004 3196 Purgatorio
1022 3128 1142 3194 (XXIV.)
1167 3130 1217 3192 „id

99 3219 172 3288 qnod
192 3217 280 3272 Amor
297 3217 410 3273 interius
428 3219 538 3282 dietat‘,
563 3219 637 3288 quod
660 3221 764 3274 auctori
781 3225 876 3276 nostro
898 3221 1005 3277 laudem
1024 3221 1128 3287 „dulcis
1146 3223 1217 3277 stili“

98 3327 217 3380 parasse,
227 3311 584 3383 fateturBonajunta,dieta
601 3312 786 3381 magis,quam
804 3314 915 3368 modum
927 3314 1035 3369 dicendi
1053 3309 1216 3382 significare.

98 3405 280 3461 blonarchiam
299 3405 334 3461 ab
357 3405 500 3473 elegantiis
516 3406 680 3460 Maronianis
697 3408 810 3462 multum
828 3407 926 3463 abesse
943 3424 998 3464 non
1015 3410 1136 3479 negabo,
1154 3409 1218 3464 licet

99 3497 292 3566 speciminibus
310 3497 402 3565 gravis
420 3498 590 3567 eloquentiae
608 3516 662 3554 non
682 3505 780 3556 eareat.
817 3499 872 3554 Sed
889 3501 1129 3562 considerandum,
1146 3517 1216 3556 aevo

99 3590 286 3646 Dantisetiam
303 3590 380 3654 alios,
390 3607 473 3661 quum
483 3593 566 3647 latine
580 3594 766 3662 loquerentur,
782 3598 877 3648 nostro
887 3599 961 3649 certe
978 3610 1032 3648 non
1051 3594 1216 3658 disertiores,

101 3684 215 3753 Virgilio
234 3700 264 3739 sa
281 3684 481 3754 aequiparasse,
500 3685 579 3755 eujus
597 3665 635 3739 rei
654 3687 807 3756 exemplum
825 3686 911 3742 babes
929 3687 955 3741 iu
973 3688 1151 3749 Iohanne,
1169 3688 1216 3756 qui

98 3793 252 3846 cognomen
271 3779 311 3833 de
329 3778 484 3845 Virgilio
508 3777 567 3845 ipse
585 3777 636 3832 sibi
655 3778 739 3832 dedit.
773 3781 868 3850 Neque
892 3781 1009 3845 saeculo,
1028 3786 1056 3835 et
1074 3780 1149 3850 quod
1167 3797 1217 3836 ex-

99 3872 190 3937 currit,
208 3872 326 3925 auterior
344 3871 591 3925 Henrichettus
610 3870 650 3925 de
669 3871 873 3940 Septimello
891 3889 922 3927 se
940 3873 1034 3927 laudes
1044 3872 1142 3940 Ovidii,
1151 3875 1216 3929 Vir-

99 3964 154 4032 gilii
173 3970 201 4018 et
219 3965 320 4019 Lucani
339 3963 434 4018 mereri
452 3964 563 4017 innuere
582 3963 726 4018 dubitavit.

184 4060 215 4120 ⁴⁴)
234 4057 346 4111 Etiamsi
371 4057 473 4110 lectura
490 4057 661 4113 Monarchiae
679 4075 712 4113 eo
737 4066 859 4126 tempore
876 4058 996 4112 noudum
1014 4058 1148 4125 omnibus,
1167 4059 1217 4114 sed

99 4149 353 4217 iutelligentioribus
371 4155 476 4203 tantum
495 4151 613 4204 contorta
631 4151 724 4204 amicis
733 4152 873 4218 patuisset,
883 4151 958 4221 quod
975 4151 1095 4207 indicare
1108 4151 1217 4207 videtur

100 4243 282 4296 Boccatius
301 4242 340 4308 (il
349 4243 426 4307 libro,
438 4235 463 4298 ¹il
479 4245 560 4315 qrcale
578 4245 661 4314 r'rrfirro
680 4244 768 4300 allero
786 4262 894 4317 apperte
911 4262 960 4300 era
977 4249 1102 4317 sapricio),
1120 4245 1216 4300 merito
