2940 4808
507 309 796 366 PROLEGOMENA.

377 563 538 620 AUG1.TR.
557 564 641 618 IBID.
661 565 703 626 (D.
723 563 806 618 MON.
824 564 872 618 ΙΙΙ.
893 569 941 629 10.)

151 723 205 815 „Si
234 723 435 813 inveniatur,
461 721 656 818 quandoque
690 722 814 818 aliquos
841 721 1057 817 Imperatores
1092 722 1219 793 dedisse

150 852 255 946 aliqua
273 848 459 944 temporalia
483 849 622 920 summis
641 847 862 939 Pontificibus,
889 850 973 920 sicut
987 847 1220 920 Constantinus

151 978 241 1048 dedit
256 975 422 1068 silvestro,
438 977 499 1048 lroc
516 1001 582 1048 non
599 988 648 1047 est
663 975 923 1070 intelligendum,
943 976 1027 1073 quod
1045 1000 1141 1047 suum
1159 986 1219 1067 est,

151 1106 206 1176 sed
235 1104 434 1194 restituetur,
459 1104 545 1199 quod
574 1102 692 1196 injuste
718 1113 751 1174 et
778 1103 943 1198 tyrannice
971 1103 1112 1177 ablatum
1141 1107 1219 1174 est.“

90 1230 240 1304 XXXVl.
270 1231 303 1302 3.
322 1231 499 1322 „Silvester
516 1255 581 1302 non
598 1231 721 1326 recepit
736 1229 787 1302 illa
815 1230 1003 1326 temporalia
1019 1256 1037 1301 a
1060 1230 1218 1301 Constan-

151 1359 219 1429 tino
247 1367 403 1454 quantum
433 1358 471 1429 ad
499 1358 636 1429 dominii
664 1357 940 1452 recognitionem,
976 1358 1031 1430 sed
1060 1366 1215 1453 quantum

150 1486 189 1557 ad
206 1486 427 1557 immediatam
447 1485 628 1580 aliquorum
646 1484 875 1580 temporalium
895 1485 1219 1576 administrationem,

151 1636 289 1709 quornm
306 1611 451 1684 Ecclesia
477 1623 551 1684 ante
580 1636 645 1682 non
662 1610 807 1702 babebat,
835 1624 867 1682 et
888 1623 1044 1707 quantum
1063 1612 1100 1683 ad
1118 1613 1219 1709 ipsius

149 1739 315 1812 Ecclesiae
343 1750 374 1810 et
401 1739 475 1811 fidei
504 1739 679 1810 catholicae
714 1739 939 1811 defensionem
965 1795 1101 1811 .....
1129 1739 1220 1810 Sicut

150 1869 257 1939 dictus
284 1865 517 1938 Constantinus
544 1876 617 1937 ante
645 1867 863 1962 receptionem
893 1867 1042 1963 baptismi
1071 1866 1219 1937 utebatur

150 1995 295 2068 dominio
332 1994 559 2090 temporalium
600 1995 766 2086 tyrannice
800 2004 832 2065 et
866 1994 1048 2090 usurpative
1080 2047 1218 2064 .....

148 2123 192 2194 ita
208 2122 431 2218 postmodum,
449 2121 533 2191 sicut
549 2119 608 2191 Dei
628 2121 785 2212 minister,
804 2146 881 2192 usus
900 2132 949 2193 est
968 2122 1021 2193 tali
1041 2120 1219 2192 dominio.“

93 2248 208 2322 dell.
241 2249 271 2321 l.
297 2238 461 2341 „Videtur,
488 2248 573 2344 quod
602 2246 834 2319 Constantinus
863 2272 928 2319 non
957 2249 1097 2344 potuerit
1115 2247 1218 2344 Papae

148 2388 273 2473 partem
294 2376 424 2472 lmperii
444 2376 636 2466 concedere,
662 2386 694 2447 et
720 2386 843 2471 partem
864 2375 924 2446 sibi
944 2400 1119 2468 reservare,
1144 2377 1218 2471 quia

149 2504 233 2576 laona
253 2503 441 2576 communia
461 2513 493 2572 et
510 2503 595 2575 bona
607 2503 813 2599 Reipublicae
835 2527 899 2574 non
920 2515 1058 2599 possunt
1076 2503 1219 2592 alienari,

147 2633 254 2724 vendi,
281 2631 328 2702 vel
357 2631 563 2702 commutari.
619 2629 678 2700 Est
704 2630 890 2721 dicendum,
918 2630 1003 2727 quod
1033 2629 1115 2700 bona
1144 2629 1217 2701 Rei·

148 2759 295 2857 publicae
326 2783 391 2829 non
419 2768 559 2854 possunt
577 2758 721 2847 alienari,
739 2757 794 2828 sel
823 2758 905 2829 hene
934 2767 1071 2853 possunt
1097 2757 1129 2827 in
1151 2780 1218 2828 me·

148 2886 262 2958 liorem
283 2910 379 2957 usum
394 2886 599 2976 commutari,
610 2895 642 2954 et
656 2884 723 2954 Deo
742 2885 852 2975 dicari,
870 2910 887 2954 a
907 2909 970 2980 quo
989 2885 1218 2980 recipiantur.“
1313 2902 1316 2905 ·

93 3015 207 3088 XLlV.
237 3015 270 3084 2.
296 3013 462 3104 „Videtur,
490 3014 574 3109 quod
595 3011 829 3084 Constantinus
857 3037 920 3083 nou
949 3012 1091 3108 potuerit
1113 3012 1216 3107 Papae

147 3142 369 3214 immediatam
404 3139 719 3210 administrationem
747 3138 876 3235 lmperii
914 3139 1109 3229 concedere,
1143 3140 1216 3235 quia
1316 3188 1321 3199 ·

146 3269 237 3360 illud,
265 3268 351 3364 quod
380 3291 444 3337 non
465 3276 571 3362 potest
589 3265 700 3360 recipi,
727 3289 793 3336 non
811 3276 917 3362 potest
945 3267 1030 3356 dari;
1057 3267 1112 3337 sed
1132 3266 1215 3362 Papa

146 3405 182 3469 et
208 3394 262 3466 alii
283 3394 490 3466 ecclesiastici
509 3395 568 3465 viri
589 3418 654 3465 non
674 3406 812 3489 possunt
831 3395 977 3491 recipere
992 3393 1214 3465 immediatam

145 3522 463 3594 administrationem
481 3521 707 3617 temporalium
729 3576 849 3592 .....
870 3520 1029 3617 Propheta
1048 3519 1148 3591 David
1169 3520 1215 3590 sic

145 3652 207 3721 ait:
225 3649 281 3742 „ln
302 3673 401 3720 manu
413 3661 477 3740 tua,
496 3648 646 3740 llornine,
663 3650 762 3721 virtus
776 3672 813 3720 ac
823 3649 976 3745 potentia,
991 3649 1024 3719 in
1046 3671 1144 3719 manu
1161 3657 1213 3719 tua

146 3777 340 3874 magnitudo
368 3787 400 3848 et
426 3775 620 3872 imperinm,
656 3785 728 3847 tuae
761 3776 888 3847 divitiae
923 3785 999 3847 sunt
1026 3785 1057 3845 et
1083 3785 1136 3844 tua
1168 3784 1216 3844 est

146 3905 260 4000 gloria,
287 3915 321 3974 tn
349 3903 529 3975 dominaris
557 3903 718 3974 omnium.
774 3901 845 3999 Ego
873 3914 980 3974 autem
1010 3913 1041 3972 et
1075 3901 1215 3997 populus

140 4056 244 4123 meus,
271 4031 348 4128 qnid
376 4055 508 4122 summ,
541 4042 577 4102 ut
603 4031 767 4127 possimus
793 4031 897 4126 aliqua
926 4030 981 4101 tibi
1016 4030 1216 4124 promittere,

147 4160 194 4230 vel
223 4160 309 4250 dare,
336 4183 436 4256 quum
453 4170 510 4233 tua
533 4161 598 4238 sint
616 4157 747 4228 omnial
775 4155 838 4227 Sed
868 4156 946 4227 lraec
973 4157 1051 4251 ipsa,
1078 4181 1159 4253 quae
1176 4157 1215 4227 de
