2940 4808
422 338 557 394 usurus
574 338 794 397 nouascum
809 322 832 395 1.
851 340 880 396 c.
898 345 923 396 s.
941 345 986 408 a).
1237 342 1272 402 11

153 513 267 596 ratem
291 530 374 594 quac
397 510 604 577 communiori
625 511 782 577 vocabulo
807 517 1007 595 nuncupatur
1027 513 1216 598 hperium,
1244 521 1277 581 et

154 616 190 685 do
210 615 264 699 iis,
286 619 322 681 ut
342 610 540 697 praedictum
563 617 619 695 est,
641 612 839 696 propositum
861 618 910 679 est
931 615 990 680 sub
1005 613 1174 698 adsignato
1189 615 1274 699 prins

153 716 235 801 cipio
269 714 507 798 inquisitionem
536 714 642 780 facere
674 712 847 781 secundum
879 715 944 782 iarn
972 720 1091 782 tactum
1121 717 1307 786 ordinems

152 818 260 892 Prima
281 817 391 900 itaque
414 814 558 898 quaestio
581 815 637 880 sit:
665 815 779 881 Utrum
800 815 843 884 ad
866 817 947 884 benc
969 836 1040 882 esse
1063 818 1181 901 mundi,
1208 820 1275 886 Mo-

151 919 285 987 narchia
311 917 496 1003 temporalis
525 916 706 985 necessaria
734 917 783 984 sit.
834 917 904 984 Hoc
932 916 1096 1000 equidem,
1126 920 1215 985 nulla
1237 921 1277 987 ui

151 1020 284 1090 rationis
305 1021 359 1087 vel
381 1018 579 1086 auctoritatis
601 1018 765 1101 obstante,
793 1019 969 1104 potissimis
994 1025 1025 1085 et
1046 1019 1277 1104 patentissimis

151 1121 348 1207 argumentis
374 1119 501 1189 ostendi
532 1124 651 1203 potest,
687 1138 820 1201 quorum
851 1121 988 1204 primum
1017 1123 1058 1186 ab
1087 1121 1277 1190 auctoritate

152 1222 343 1308 Philosophi
370 1221 558 1288 adsumatur
587 1221 627 1287 de
660 1221 727 1287 suis
755 1221 908 1290 Politicis.
958 1222 1089 1291 Adserit
1118 1223 1203 1290 enim
1230 1223 1326 1291 ibim

151 1323 348 1394 uenerabilis
371 1323 439 1390 eius
461 1323 648 1407 auctoritas,
678 1322 765 1404 quod
793 1323 920 1404 quando
948 1325 1057 1406 aliqua
1078 1324 1172 1410 plura
1192 1323 1276 1391 ordi-

151 1432 268 1497 nantur
289 1426 333 1492 ad
353 1445 465 1508 unum,
495 1429 621 1507 oportet
648 1444 745 1491 unum
775 1444 884 1491 eorum
906 1426 1053 1506 regulare
1075 1445 1133 1493 seu
1155 1417 1293 1509 regere,¹

152 1529 217 1597 alia
240 1548 317 1595 vero
338 1525 479 1608 regulari
500 1543 557 1592 seu
585 1527 663 1610 regi.
707 1526 802 1607 Quod
830 1526 959 1609 quidem
986 1548 1050 1593 non
1078 1529 1181 1595 solum
1209 1528 1276 1610 glo-

152 1631 272 1699 riosum
299 1649 416 1696 nomen
443 1628 583 1695 auctoris
611 1629 688 1696 facit
716 1647 787 1696 esse
809 1627 1019 1712 credendum,
1045 1629 1105 1696 sed
1126 1630 1207 1696 ratio
1230 1630 1276 1694 in-

154 1731 294 1799 ductiva.
397 1783 399 1786 ⁴
1299 1750 1327 1799 15

142 1896 145 1903 ,
240 1831 382 1899 sienim
405 1820 642 1898 consideremus
664 1850 761 1897 unum
783 1830 958 1914 hominem,
988 1833 1049 1898 hoc
1077 1830 1111 1895 in
1140 1851 1177 1898 eo
1204 1851 1276 1897 con-

152 1935 276 2018 tingere
293 1933 493 2016 'videbimus3
524 1933 615 2015 quia,
639 1952 736 2014 quum
759 1952 868 2000 ornnes
890 1933 1069 1999 vireseius
1092 1932 1278 2000 ordinentur

151 2036 196 2107 ad
215 2035 413 2117 felicitatem,
436 2034 486 2101 vis
506 2033 579 2119 ipsa
599 2033 826 2101 intellectualis
849 2038 898 2101 est
918 2034 1094 2115 regulatrix
1113 2040 1145 2102 et
1160 2035 1277 2102 rectrix

153 2137 295 2206 omnium
317 2136 466 2219 aliarum,
489 2136 584 2204 aliter
605 2135 648 2201 ad
668 2135 855 2202 felicitatem
876 2137 1044 2221 pervenire
1069 2158 1133 2203 non
1159 2141 1296 2226 potest..-

154 2239 191 2308 si
212 2238 449 2306 consideremus
473 2258 568 2305 unam
591 2236 728 2319 domum,
753 2237 841 2303 cuius
858 2237 929 2303 linis
945 2245 1002 2321 est,
1025 2238 1217 2307 domesticos
1233 2237 1276 2304 ad
1294 2237 1326 2311 au

154 2342 235 2409 benc
259 2341 368 2407 vivere
390 2359 597 2425 praeparare,
626 2359 722 2406 unum
751 2345 876 2423 oportet
904 2359 975 2406 esse
1006 2340 1060 2422 qui
1088 2342 1212 2422 regulet
1246 2347 1279 2407 et
1337 2401 1340 2408 ,

152 2448 254 2526 regat,
279 2461 372 2524 quem
395 2439 504 2506 dicunt
524 2441 797 2525 patremfamilias,
820 2442 873 2507 vel
896 2441 964 2509 eiu's
986 2441 1091 2508 locum
1106 2445 1276 2524 tenentem,

153 2542 244 2609 iuxta
267 2541 426 2610 dicentem
440 2542 685 2628 Philosophum:
707 2541 839 2626 „Omnis
862 2541 973 2610 domus
995 2543 1115 2625 regitur
1137 2563 1158 2608 a
1179 2542 1276 2608 senis-

154 2643 268 2715 sim0.“
296 2645 338 2710 llt
352 2644 454 2727 huius,
478 2651 513 2709 ut
527 2644 572 2709 ait
587 2644 753 2728 Homerus,
777 2651 824 2710 est
839 2646 985 2726 regulare
1001 2664 1119 2727 omnes,
1143 2650 1174 2710 et
1189 2644 1278 2726 leges

152 2748 319 2833 imponere
335 2746 416 2813 aliis.
446 2747 581 2832 Propter
596 2745 682 2828 quod
697 2745 942 2831 proverbialiter
964 2745 1078 2812 dicitur
1099 2745 1157 2810 illa
1178 2744 1276 2810 male·
1296 2771 1327 2821 25

145 2848 278 2918 'diutior
296 2850 431 2932 „Parem
459 2848 580 2916 habeas
611 2848 643 2912 in
673 2846 798 2914 domo.“
845 2846 880 2912 Si
908 2847 1142 2915 consideremus
1171 2847 1279 2912 vicum

153 2969 262 3033 unum,
285 2949 373 3017 ouius
394 2947 466 3015 finis
489 2955 538 3017 est
559 2949 726 3016 commoda
747 2954 814 3016 tam
835 2968 1040 3034 personarum
1062 2968 1160 3031 quam
1174 2968 1278 3017 rerum
1373 2998 1376 3007 .

190 3151 201 3185 ⁰
219 3151 250 3205 P.
269 3150 405 3206 communi
420 3151 551 3206 uocabulo
771 3151 791 3182 ¹¹
809 3149 878 3204 Edd.
896 3151 968 3204 ratio
986 3151 1095 3205 auctiva

189 3236 201 3268 ⁴
218 3234 251 3290 F.
270 3233 303 3290 de
320 3235 362 3300 iis,
375 3242 463 3305 prout
479 3235 579 3290 dictum
597 3241 638 3288 est
770 3235 790 3267 ¹⁷
807 3233 877 3288 Edd.
895 3235 966 3289 uires
982 3235 1044 3306 ejus
1060 3233 1224 3290 ordinantur

191 3320 203 3353 ⁰
220 3319 253 3375 Α.
272 3350 306 3360 -
323 3318 432 3389 Reliqui
448 3318 549 3391 Itaque
560 3320 655 3392 primu
767 3319 790 3352 ²⁰
807 3318 838 3372 F.
858 3320 884 3373 si
899 3320 970 3374 euim
987 3320 1187 3375 consideremus

241 3403 274 3458 V.
293 3405 417 3474 quaestio
432 3403 465 3472 fit
768 3404 791 3437 ²¹
808 3402 878 3458 Edd.
897 3404 935 3458 acl
951 3405 1016 3460 leue
1033 3403 1174 3460 uiuendum

191 3489 203 3522 ⁰
219 3487 252 3542 F.
271 3493 298 3544 et
309 3489 469 3560 patentibus
486 3505 546 3561 ure.
564 3519 598 3528 -
615 3488 648 3543 V.
666 3493 693 3543 et
769 3488 793 3521 ²²
809 3487 879 3541 Edd.
898 3493 946 3543 aut
963 3490 1024 3559 ejus
1042 3489 1129 3544 locum

220 3574 418 3644 potentissimis
427 3590 487 3644 erp.
767 3573 791 3607 ²³
807 3573 838 3627 P.
855 3573 888 3626 V.
906 3573 1013 3645 rapitur
1030 3590 1047 3626 a
1064 3573 1205 3628 cecissimo

192 3656 259 3712 cM.
278 3657 313 3713 ab
330 3657 476 3712 Aristotele
490 3655 657 3729 philosopho
767 3659 790 3691 ²⁰
807 3656 839 3711 P.
853 3656 1066 3728 proverbialiter
1083 3657 1165 3710 detur

184 3745 207 3776 ¹⁰
223 3742 256 3796 F.
274 3747 399 3797 sumatur
416 3741 449 3796 ele
466 3743 523 3796 suis
541 3740 600 3796 Pol.
766 3742 790 3777 ²⁰
806 3742 840 3795 H.
858 3740 1022 3807 maledictio,
1040 3739 1083 3795 lle
1094 3756 1192 3813 parem

184 3827 206 3861 ¹³
222 3827 260 3881 M.
279 3827 422 3881 terminari
436 3843 485 3881 seu
502 3827 564 3898 rapi

227 3995 267 4053 On
290 4032 299 4052 .
316 3995 352 4051 V.
390 3998 411 4029 ¹⁰
428 3995 449 4050 I.
467 4001 490 4050 5.
509 3995 567 4050 init.
639 3995 660 4028 ¹⁰
676 3995 816 4048 Aucrosrs
833 3993 988 4048 Conuiuium
1005 3993 1047 4046 Ν.
1060 3997 1084 4047 4.
1102 3992 1142 4057 „il
1153 3991 1279 4062 litoroso

157 4064 232 4119 uella
249 4010 366 4120 Pldlitica
383 4063 451 4129 dice,
468 4061 517 4119 clue
535 4062 644 4134 quaudo
657 4064 711 4134 piel
728 4077 790 4118 cose
806 4079 824 4116 a
841 4078 896 4116 uuo
911 4062 968 4130 fiae
984 4076 1051 4114 seua
1069 4061 1202 4128 ordinate,
1223 4078 1279 4116 uua

159 4131 287 4204 diquelle
304 4133 432 4187 coucieue
448 4146 536 4186 essere
552 4132 701 4203 reuelante,
719 4146 816 4185 ocrem
834 4145 864 4183 re
883 4134 972 4199 acute,
989 4133 1080 4182 etutte
1092 4127 1116 4182 le
1126 4128 1196 4184 altre
1212 4135 1280 4185 rette

160 4200 341 4273 crepulatet‘
420 4198 750 4255 ²⁰As1sroruuusPolit.
767 4199 787 4253 I.
806 4202 832 4252 2.
874 4195 957 4251 rauel.
975 4201 1029 4250 ant.
1054 4196 1165 4263 „Omnis
1183 4197 1279 4252 domus

158 4267 263 4338 regitur
279 4283 296 4322 a
314 4266 480 4322 senissimo.“
566 4268 590 4301 ²⁴
608 4267 691 4337 Apud
707 4267 838 4323 Amsuor.
854 4265 873 4320 l.
893 4281 916 4320 c.
951 4333 952 4336 Ἴ
