2940 4808
416 301 552 358 DANTIS
571 303 786 359 MONAROHIA
803 304 824 358 Ι.
846 304 873 359 o.
896 309 932 358 rs.
952 308 1013 372 (rs).
1233 301 1272 364 33

157 471 309 539 mundum
335 473 475 556 undique
502 476 599 543 luisse
627 476 776 558 quietum.
820 475 861 540 Et
889 474 975 557 quod
1002 480 1077 540 tunc
1103 475 1274 542 humanum

156 593 257 658 genus
294 575 388 641 tuerit
419 576 496 642 felix
529 577 562 641 in
594 577 682 662 pacis
714 577 902 644 universalis
934 576 1179 660 tranquillitate,
1213 577 1274 644 hoc

157 676 404 762 historiographi
426 672 543 762 om'nes,
566 681 627 745 hoc
648 684 763 765 poetae
788 679 936 761 illustres,
959 678 1021 744 hoc
1043 678 1139 744 etiam
1162 679 1274 745 Scriba
1294 689 1323 739 10

156 778 409 846 mansuetudinis
424 779 540 845 Christi
563 781 674 847 testari
696 781 843 862 dignatus
866 784 923 862 est,
947 784 979 844 et
994 778 1131 861 denique
1145 783 1273 866 Paulus,

153 878 406 965 „plenitudinem
427 881 599 966 temporis“
619 888 737 948 statum
750 882 841 946 illum
855 879 1073 946 felicissimum
1088 884 1273 967 appellavit.

154 981 238 1048 Vere
253 987 378 1065 tempus
394 986 426 1048 et
441 984 630 1066 temporalia
645 1003 790 1067 quaeque
804 984 899 1069 plena
913 981 1047 1066 fuerunt,
1064 983 1138 1065 quia
1152 985 1273 1051 nullum

152 1087 282 1149 nostrae
320 1082 482 1149 felicitatis
520 1085 727 1152 ministerium
759 1085 902 1151 ministro
944 1083 1081 1152 vacavit.
1130 1086 1275 1166 Quahter

152 1188 261 1250 autem
293 1203 327 1250 se
356 1185 503 1253 habuerit
531 1187 633 1271 orbis,
667 1208 707 1253 ex
741 1207 802 1269 quo
827 1187 942 1252 tunica
975 1187 1037 1253 ista
1065 1187 1271 1272 inconsutilis,
1293 1200 1323 1250 ts

153 1284 339 1369 cupiditatis
368 1305 472 1369 ungue
502 1288 670 1354 scissuram
696 1289 841 1374 primitus
873 1308 970 1374 passa
1000 1294 1063 1373 est,
1102 1294 1133 1356 et
1165 1290 1272 1371 legere

147 1406 332 1482 possumus,
356 1393 388 1455 et
402 1389 523 1455 utinam
537 1410 601 1457 non
616 1389 735 1456 videre.
779 1390 806 1457 0
822 1408 922 1471 genus
938 1391 1123 1456 humanum!
1147 1391 1273 1472 quantis

152 1488 305 1572 procellis
316 1494 413 1571 atque
427 1489 566 1574 iacturis,
582 1491 771 1573 quantisque
782 1491 956 1574 naufragiis
966 1492 1082 1572 agitari
1096 1497 1128 1558 te
1143 1512 1273 1560 necesse

151 1593 211 1672 est,
236 1589 310 1655 dum
332 1591 441 1656 bellua
462 1593 631 1659 multorum
647 1592 786 1676 capitum
799 1593 926 1676 factum,
948 1593 982 1658 in
998 1593 1126 1658 diversa
1140 1594 1271 1660 conaris.

151 1690 320 1758 Intellectu
342 1698 490 1775 aegrotas
513 1699 660 1777 utroque,
691 1694 836 1761 similiter
864 1700 896 1761 et
918 1695 1050 1762 affectu:
1082 1693 1271 1761 Rationibus
1290 1708 1321 1758 20

152 1791 429 1876 irrefragabilibus
461 1794 657 1861 intellectum
691 1795 940 1879 superiorem
979 1816 1041 1863 non
1076 1815 1181 1880 euras3
1216 1818 1273 1864 neo

152 1895 372 1980 experientiae
395 1896 484 1961 vultu
505 1896 753 1981 inferiorem,
782 1897 841 1964 sed
863 1917 921 1962 nec
948 1897 1140 1963 affectum
1168 1898 1271 1965 dulce-

152 1995 229 2063 dine
253 1995 381 2063 divinae
404 1996 568 2078 suasionis,
593 2016 689 2079 quum
710 2019 768 2082 per
788 1998 898 2063 tubam
922 1998 1030 2064 Sancti
1052 1999 1188 2082 Spiritus
1214 2000 1273 2065 tibi

152 2095 294 2165 affletur:
322 2097 425 2182 „Ecce
455 2117 550 2179 quam
579 2099 696 2164 bonum
725 2104 757 2166 et
786 2119 881 2181 quam
908 2099 1093 2184 iucundum,
1127 2100 1272 2168 habitare

150 2198 266 2266 fratres
288 2199 321 2264 in
342 2198 468 2265 unum.“
781 2212 785 2217 ’
1291 2216 1322 2268 ts

197 2368 208 2401 ⁸
225 2367 257 2423 F.
275 2366 402 2421 mandam
420 2368 515 2437 atique
532 2369 616 2431 faisse
769 2370 788 2399 ¹⁷
805 2369 843 2422 M.
861 2373 888 2423 et
905 2370 1008 2422 utinam
1025 2385 1080 2423 roa
1098 2368 1215 2423 viderem

193 2453 253 2506 ⁹12.
272 2453 309 2505 M.
328 2484 360 2490 --
380 2452 413 2504 A.
437 2453 465 2506 irr
485 2468 555 2522 pace
579 2451 688 2507 humilis
766 2454 790 2486 ²⁰
807 2454 840 2506 A.
865 2454 1017 2524 aeprotaris
1039 2483 1073 2494 -
1102 2453 1133 2506 L.
1159 2457 1185 2506 et
1212 2451 1272 2507 edd.

223 2542 331 2607 tranqu.
356 2568 390 2575 -
413 2536 445 2589 F.
463 2536 497 2589 H.
511 2536 543 2590 V.
569 2537 597 2590 iu
617 2552 689 2608 pace
806 2543 918 2591 reeentt.
936 2543 1083 2607 reprotaret

221 2621 297 2675 utilis
315 2626 424 2691 tranqa.
444 2652 477 2660 -
496 2621 527 2676 P.
544 2621 689 2692 subparis
766 2621 790 2654 ²⁴
807 2619 839 2673 F.
858 2651 891 2658 —
908 2621 941 2674 A.
960 2622 993 2674 H.
1011 2621 1042 2675 L.
1061 2621 1091 2676 P.
1110 2620 1142 2674 V.
1162 2620 1273 2691 effletur

221 2705 296 2759 utilis
314 2713 422 2776 tranqa.
807 2737 841 2744 -
858 2706 896 2758 M.
915 2705 1018 2775 affatur

184 2791 206 2823 '⁰
223 2789 292 2844 Edd.
310 2789 363 2846 boe
379 2795 405 2844 et
428 2790 517 2845 scriba
534 2821 569 2830 ·-
585 2791 617 2844 L.
636 2789 688 2846 boc
765 2791 789 2823 2⁵
806 2789 872 2845 Cod.
893 2789 960 2843 Ven.
984 2790 1076 2844 adiicit
1092 2790 1120 2844 in
1143 2791 1196 2844 fine
1215 2791 1273 2847 Ea-

222 2875 312 2930 soriba
802 2874 885 2947 ptati
902 2873 1090 2945 liberprr'mus,
1099 2876 1195 2946 incipit
1206 2876 1274 2932 tiber

180 2959 204 2992 ¹²
221 2958 252 3012 L.
270 2989 304 3000 -
322 2959 367 3013 alii
389 2959 495 3013 inverso
522 2959 615 3014 ordine
639 2977 688 3031 ap·
806 2959 980 3014 secandus-
993 2958 1049 3012 Fel.
1064 2958 1190 3026 Explicit
1207 2959 1274 3034 liber

216 3044 333 3115 pellacis
348 3044 533 3114 felicissimum
804 3045 913 3115 primas
930 3042 1085 3097 monarchia
1103 3043 1194 3098 dantis
1205 3045 1273 3100 aldi-

180 3127 204 3161 ¹⁴
221 3127 252 3180 F.
270 3128 303 3182 H.
321 3129 352 3182 P.
371 3129 405 3182 V.
425 3158 456 3169 -
481 3128 513 3182 A.
537 3129 687 3184 ministram
805 3129 877 3198 perii
892 3129 925 3183 de
936 3128 1075 3198 florencia.
1109 3128 1213 3202 Incipit
1229 3146 1274 3186 se-

222 3243 255 3252 -
271 3213 303 3266 L.
321 3212 355 3266 hl.
374 3214 531 3284 mysterium
806 3212 912 3267 candus
929 3213 997 3267 liber
1007 3243 1042 3252 —
1058 3213 1140 3282 Apud
1156 3215 1273 3284 reliquos

238 3298 276 3352 M.
295 3297 443 3351 ruinisterio
655 3332 658 3338 ·
806 3296 872 3351 nihil
889 3297 993 3353 horum.

182 3385 204 3416 ¹⁵
222 3383 253 3436 F.
273 3383 365 3436 tunica
381 3386 420 3435 est
435 3382 537 3435 inroras.
552 3381 688 3453 cupiditas

223 3518 233 3550 ⁸
250 3517 392 3572 Auoroius
410 3515 565 3570 Conuiuium
582 3514 628 3568 IV.
647 3521 670 3568 5.
705 3516 862 3581 „Nellcsac
879 3522 977 3572 venata
991 3517 1037 3571 rael
1051 3517 1150 3572 mondo
1167 3533 1273 3571 recuso-

150 3585 270 3641 Iameute
287 3584 308 3639 il
324 3585 407 3649 eielo,
438 3600 482 3637 raa
500 3583 528 3637 la
546 3589 619 3638 terra
637 3586 783 3638 convenius
806 3600 894 3639 essere
918 3586 946 3638 ia
970 3587 1064 3639 ottima
1081 3586 1272 3656 disposicione,

151 3670 169 3708 e
187 3653 215 3707 la
246 3653 340 3707 ottima
363 3652 547 3723 disposicione
570 3651 641 3705 della
663 3656 737 3705 terra
755 3653 768 3704 e*
786 3652 939 3722 quaudellc
956 3654 970 3707 i
987 3671 1004 3706 a
1021 3652 1191 3717 Menambis,
1216 3654 1273 3707 cioe

153 3727 224 3775 tutta
247 3739 265 3775 a
288 3737 342 3774 reno
367 3719 524 3789 Priuerpef‘
606 3720 626 3751 ¹¹
644 3719 751 3774 Evnuo.
775 3720 871 3774 Lucan
898 3724 920 3773 2.
947 3738 970 3774 v.
992 3725 1013 3774 1.
1091 3721 1109 3752 '²
1126 3720 1214 3789 Epist.
1237 3719 1273 3773 sd

151 3787 287 3842 (inunum
305 3793 321 3842 4
338 3805 362 3843 v.
381 3792 405 3842 4.
442 3788 496 3853 ,,Α1
513 3786 560 3840 ubi
577 3785 649 3840 venit
670 3786 809 3856 plenitudo
829 3789 964 3857 temporis,
988 3787 1059 3841 misit
1077 3787 1150 3842 Deus
1173 3787 1272 3842 Filium

153 3872 241 3922 suum,
260 3857 362 3910 factum
375 3870 408 3910 ex
419 3855 538 3920 muliere,
549 3854 651 3908 factum
664 3854 713 3908 sub
725 3854 808 3922 lege.“
828 3855 862 3909 cl.
874 3855 909 3909 ad
922 3855 1008 3924 Eph.
1021 3861 1044 3908 1.
1054 3871 1078 3907 v.
1091 3861 1129 3910 10.
1185 3858 1206 3889 ¹³
1222 3856 1273 3910 Er.

154 3924 290 3979 Ionnmus
310 3929 348 3977 19.
366 3941 390 3978 v.
405 3928 445 3978 23.
518 3924 541 3956 ²⁴
558 3922 656 3976 Psalm.
680 3927 734 3977 132.
753 3922 869 3987 [Cathol.
891 3928 959 3986 133.)
976 3940 999 3976 v.
1023 3928 1042 3976 1.
