2940 4808
277 303 318 364 46
583 306 718 362 DANTIS
736 306 957 363 MONARCHIA
973 309 1009 362 Π.
1029 324 1051 363 5.
1071 313 1094 364 3.

277 478 327 547 nis
349 477 434 563 regis
455 478 609 564 Atlantis;
640 486 675 546 ut
698 480 738 547 de
753 481 909 548 ambobus
931 479 1147 548 testimonium
1169 468 1276 547 reddit
1296 485 1440 551 Poeta

277 587 386 647 noster
406 581 439 646 in
462 585 591 666 octavo,
614 581 669 647 ubi
691 582 816 651 Aeneas
839 582 882 648 ad
903 583 1087 649 Evandrum
1110 585 1156 650 sio
1178 584 1238 650 ait:

226 737 257 788 55
463 732 607 786 Dardanus
625 732 725 786 Iliacae
741 734 843 802 primus
861 740 939 802 pater
957 732 1044 798 urbis,
1064 740 1091 787 et
1107 739 1217 802 auctor,

462 817 585 883 Electra,
605 823 635 871 ut
652 818 728 872 Graii
743 818 899 888 perhibent,
918 823 945 873 51
962 818 1100 873 Atlantide
1119 825 1221 886 cretus,

462 902 612 958 Adrehitur
630 903 765 970 Teucros3
783 903 921 957 Electram
939 904 1071 958 maximus
1088 904 1167 960 Atlas

461 987 568 1053 Edidit,
587 989 727 1043 aethereos
744 988 855 1043 humero
874 989 920 1059 qui
937 990 1052 1045 sustinet
1069 990 1157 1046 orbes.

360 1125 454 1206 Quod
480 1122 593 1192 ‘autem
625 1127 796 1193 Dardanus
828 1128 870 1193 ab
905 1127 1035 1212 Europa
1073 1126 1228 1210 originem
1260 1124 1398 1212 duxerit,

225 1230 258 1279 60
276 1231 384 1294 noster
405 1226 503 1293 Vates
525 1227 559 1292 in
580 1228 674 1294 tertio
698 1235 820 1314 cantat,
843 1227 967 1294 dicens:

461 1376 514 1431 Est
530 1376 620 1442 locus,
637 1377 797 1447 Hesperiam
815 1377 892 1433 Graii
910 1376 1069 1447 cognomine
1087 1378 1192 1443 dicunt,

462 1460 547 1515 Terra
564 1461 688 1530 antiqua,
706 1469 802 1532 potens
820 1465 913 1528 armis,
932 1469 1013 1532 atque
1030 1464 1114 1518 ubere
1130 1463 1232 1530 glebae.

464 1544 584 1600 Oenotrii
602 1546 709 1601 coluere
726 1547 788 1614 viri;
807 1563 880 1603 nunc
898 1547 982 1612 fama,
1001 1547 1117 1602 minores

460 1630 566 1686 Italiam
584 1631 695 1696 dixisse,
713 1631 789 1686 ducis
807 1631 840 1686 de
857 1633 975 1699 nomine,
993 1638 1108 1701 gentem.

223 1722 254 1774 65
462 1717 522 1771 Η55
539 1716 619 1770 nobis
636 1717 764 1786 propriae
782 1716 871 1780 sedes3
889 1717 953 1771 hinc
970 1717 1115 1771 Dardanus
1134 1722 1218 1772 ortus.

274 1853 367 1935 Quod
389 1875 465 1922 vero
487 1856 580 1921 Atlas
604 1854 643 1921 de
666 1855 773 1922 Africa
794 1855 903 1938 fuerit,
926 1875 1016 1921 mons
1038 1855 1072 1920 in
1092 1857 1164 1939 illa,
1188 1874 1245 1921 suo
1267 1855 1392 1923 nominc

274 1955 392 2040 dictus,
421 1962 472 2022 est
500 1957 607 2039 testis,
638 1975 732 2038 quem
760 1975 831 2023 5555
860 1956 893 2021 iu
914 1956 1024 2022 Africa
1044 1956 1123 2024 dicit
1144 1957 1332 2040 Orosius,
1360 1957 1392 2022 in

215 2121 217 2125 ,
273 2078 331 2124 sua
352 2057 461 2122 mundi
486 2058 712 2142 descriptione,
742 2058 802 2123 sio:
831 2058 989 2141 „Ultimus
1018 2063 1124 2126 autem
1152 2057 1224 2124 finis
1251 2059 1322 2142 ejus
1346 2064 1392 2126 est

272 2180 363 2227 mons
393 2161 501 2243 Atlas,
531 2165 563 2224 et
590 2160 719 2226 Insulae
748 2177 827 2242 quas
850 2159 1040 2226 Fortunatas
1070 2159 1214 2227 vocant.“
1259 2159 1389 2245 ‚,Fjus,“

222 2271 254 2320 70
272 2260 307 2326 id
330 2267 378 2326 est
400 2260 542 2344 Africae,
566 2260 641 2342 quia
663 2259 704 2326 de
725 2259 797 2344 ipsa
818 2260 1015 2343 loquebatur.

358 2361 512 2427 Similiter
540 2363 637 2428 etiam
666 2361 858 2446 conjugio
891 2364 1094 2430 nobilitatum
1129 2363 1227 2430 fnisse
1255 2363 1389 2446 reperio.

271 2464 405 2532 Prima
425 2486 563 2548 namque
586 2463 703 2548 conjux
721 2463 856 2549 Creusa,
879 2465 998 2531 Priami
1019 2465 1105 2548 regis
1126 2464 1208 2548 filia,
1232 2464 1272 2531 de
1294 2464 1392 2530 Asia

270 2569 345 2652 luit,
369 2572 404 2633 ut
426 2566 571 2650 superius
599 2566 711 2632 haberi
737 2571 844 2649 potest
871 2587 929 2653 per
951 2588 991 2634 ea
1014 2586 1096 2649 quae
1118 2566 1205 2632 dicta
1226 2570 1307 2632 sunt.
1349 2565 1392 2630 Et

272 2669 358 2752 quod
385 2668 480 2736 fuerit
511 2668 641 2754 conjux,
677 2668 892 2735 testimonium
919 2670 1067 2754 perhibet
1095 2675 1201 2734 noster
1229 2669 1331 2733 Poeta
1357 2665 1390 2731 in

220 2772 382 2855 15155115,
404 2771 460 2836 ubi
481 2770 703 2838 Andromache
731 2769 771 2838 de
793 2771 930 2837 Ascanio
958 2771 1024 2837 filio
1050 2771 1194 2837 Aeneam
1215 2768 1389 2850 genitorem

270 2873 444 2955 interrogat
466 2873 526 2939 sic:

455 3005 524 3074 Quid
542 3021 610 3074 puer
626 3004 781 3060 Asconius?
799 3009 959 3074 superatne,
978 3007 1005 3058 et
1021 3003 1138 3058 vescitur
1155 3019 1238 3069 aura,

456 3090 539 3159 Quem
557 3089 607 3144 tibi
622 3090 679 3158 jam
697 3088 781 3158 Troja
797 3088 902 3159 peperit
919 3089 1040 3142 fumante
1058 3087 1178 3144 Creusa?

296 3294 318 3326 55
335 3293 367 3345 A.
387 3294 414 3346 et
430 3292 463 3345 V.
482 3292 557 3346 urbis
575 3298 600 3346 et
618 3296 694 3346 actor
880 3293 903 3326 55
920 3292 952 3346 L.
977 3290 1089 3348 Ultimus
1107 3291 1262 3363 amphionis

296 3378 317 3411 ⁵⁷
335 3375 465 3432 Ultimum
489 3380 517 3430 et
543 3376 719 3444 penultimum
742 3391 801 3430 uer·
880 3378 903 3411 ⁷⁰
919 3377 951 3430 F.
970 3376 1051 3448 IFjus,
1068 3377 1172 3433 scilieet
1189 3377 1305 3446 Africae

336 3478 403 3526 sum,
422 3477 489 3530 quos
505 3459 633 3514 exhibent
649 3459 712 3514 libri
728 3465 801 3516 vete·
880 3463 904 3496 ⁷¹
921 3463 954 3516 A.
974 3462 1074 3517 omittit
1091 3463 1190 3525 etiam;
1206 3459 1276 3514 Edd.
1295 3464 1322 3514 et

335 3560 393 3611 res,
412 3545 472 3601 edd.
491 3545 625 3600 omittunt.
880 3547 904 3578 ⁷⁷
920 3546 952 3600 F.
970 3563 1046 3602 aecor
1064 3546 1166 3602 Creusa

295 3633 318 3666 55
335 3631 369 3686 H.
389 3647 513 3702 coquom.
531 3630 619 3685 dictes
879 3631 902 3663 ⁷⁴
920 3633 953 3685 A.
972 3630 1059 3686 Poeta
1075 3631 1168 3686 diceas
1185 3631 1214 3685 ia
1232 3630 1311 3684 tertio

296 3717 318 3750 ⁷³
335 3716 367 3771 F.
385 3732 435 3771 aee
451 3717 530 3786 seme
879 3716 902 3748 ⁷⁷
919 3715 949 3769 P.
967 3732 1004 3773 on
1022 3717 1139 3770 vescitur
1158 3747 1186 3755 -
1205 3715 1237 3768 F.
1255 3715 1386 3769 overatur

295 3803 318 3835 55
334 3801 366 3854 L.
386 3800 417 3854 Ρ.
437 3800 471 3873 V.
489 3798 567 3854 Haeo
584 3798 658 3853 vobis
880 3801 903 3834 ⁷⁷
920 3799 1048 3856 Ultimum
1057 3799 1264 3864 hemistichium,
1277 3796 1387 3853 Maroni

295 3888 318 3920 55
333 3887 370 3940 M.
390 3886 422 3939 L.
441 3883 521 3950 Quod
537 3890 627 3939 autem
920 3883 1047 3952 ignotum,
1065 3884 1167 3939 habent
1184 3899 1286 3940 omnes.
1301 3914 1334 3922 —
1351 3883 1383 3936 L.

352 3969 382 4023 F.
402 3969 435 4023 de
451 3970 551 4040 Africa
566 3968 625 4039 fuit
920 3968 957 4022 M.
970 3970 1083 4040 peperit
1100 3968 1185 4041 Frojo

334 4154 484 4210 55155551.
508 4154 607 4210 Aeneis
630 4153 703 4210 VIII.
729 4159 786 4209 131.
891 4157 914 4190 55
931 4153 998 4210 Ibid.
1016 4153 1065 4208 111.
1085 4159 1141 4208 163.
1245 4155 1268 4188 55
1286 4154 1385 4209 ansrr

264 4221 401 4279 Historiae
418 4223 464 4278 lib.
481 4222 503 4275 1.
523 4239 582 4292 cap.
604 4227 627 4276 2.
644 4223 680 4276 in.
769 4223 793 4255 ⁷⁴
809 4223 920 4279 Vrasm.
938 4222 1038 4279 Aeneis
1055 4222 1103 4277 111.
1124 4226 1182 4277 339.
