2940 4808
574 316 857 374 Paonnoomena.
1215 321 1279 377 LIII

200 491 339 576 Quidam
379 502 456 562 sunt
497 492 652 564 habentes
683 491 927 587 jurisdictiones
961 505 1124 589 separatas
1164 505 1196 566 et
1230 497 1277 567 di·

201 620 352 710 stinctas,
386 619 428 690 ita
456 620 541 715 quod
571 645 635 691 una
661 620 701 692 ab
728 621 788 691 alia
822 645 886 692 non
915 621 1086 717 dependet,
1113 645 1174 692 nec
1200 634 1277 695 sunt

202 749 263 820 sub
279 746 395 818 codem
414 747 561 838 domino,
581 758 616 818 ut
631 747 714 844 Papa
734 747 964 844 ctlmpcrator.
992 748 1086 819 Tune
1102 771 1188 820 unus
1208 774 1274 821 non

201 885 307 971 potest
326 874 424 944 citare
443 875 476 944 in
495 874 659 946 territorio
678 876 821 948 alterius.
839 874 954 946 -Ita
972 873 1277 970 loquiturGIemen·

202 1002 269 1073 tina
288 1000 502 1092 „Pastoralis“
522 1004 568 1092 (2.
587 1002 635 1073 De
657 1001 804 1073 Sentent.
833 1012 865 1073 et
890 1026 926 1073 re
950 1000 1050 1096 judic.
1071 1001 1109 1093 II,
1131 1003 1189 1094 11)
1211 1033 1276 1093 -3

202 1131 258 1201 sed
296 1128 390 1200 debet
426 1130 591 1224 requirere
626 1130 718 1202 idum
742 1128 904 1224 judicem,
931 1129 964 1198 in
992 1126 1084 1222 cujus
1111 1131 1276 1202 territorio

202 1267 261 1328 est.
322 1255 364 1326 Et
391 1256 470 1358 hoo,
502 1268 600 1353 prout
634 1267 785 1328 tenemus
812 1255 902 1327 illam
940 1256 1146 1352 opinionem,
1179 1282 1276 1353 quam

201 1383 306 1454 tenuit
324 1382 496 1475 Dentes,
522 1395 618 1480 prout
637 1384 724 1456 iilam
744 1384 888 1478 comperi
916 1383 948 1453 in
977 1406 1044 1453 uno
1064 1383 1160 1475 libro,
1178 1409 1276 1481 quem

202 1511 295 1602 fecit,
329 1511 384 1607 qui
411 1522 543 1582 vocatur
569 1509 805 1602 „Monarchia“‚
835 1511 868 1580 in
903 1533 968 1606 quo
995 1509 1078 1582 libro
1105 1512 1279 1608 disputavit

202 1648 268 1710 tres
302 1639 525 1735 quaestiones,
559 1663 696 1733 quarum
731 1661 794 1709 una
829 1637 906 1708 init:
940 1661 980 1708 an
1008 1635 1188 1734 Imperium
1223 1641 1278 1712 de·

202 1765 342 1863 pendeat
373 1765 417 1837 eb
443 1765 605 1858 Ecclesia,
638 1775 671 1836 et
702 1765 823 1855 tenuit,
858 1766 944 1861 quod
972 1788 1050 1835 non.
1103 1765 1167 1836 Sed
1203 1777 1278 1863 post

203 1904 344 1964 mortem
379 1917 472 1966 suam
514 1894 605 1991 quasi
644 1902 778 1990 propter
817 1891 880 1962 hoo
920 1891 982 1963 suit
1024 1890 1196 1964 damnatus
1238 1895 1279 1965 de

202 2020 339 2092 haeresi.
392 2020 476 2091 Nam
503 2019 648 2092 Ecclesia
682 2029 785 2111 tenet,
822 2019 908 2116 quod
936 2018 1114 2115 Imperium
1148 2021 1188 2092 ab
1214 2019 1279 2092 Ec·

203 2148 299 2220 clesia
327 2148 498 2243 dependet,
521 2147 749 2243 pulcherrimis
775 2147 966 2239 rationibus,
991 2170 1070 2243 quas
1098 2147 1278 2240 omitto⁵⁰t

253 2274 341 2346 inter
367 2284 532 2365 auctores,
562 2275 616 2372 qui
643 2273 684 2345 de
710 2298 808 2370 opere
837 2284 947 2345 nostro
974 2274 1172 2369 loquuntur,
1204 2299 1281 2370 pro·

151 2402 276 2473 nimum
321 2411 410 2474 tenet
449 2402 558 2473 locum
601 2400 778 2474 Iannorrus
818 2400 996 2474 Mann'rrus
1010 2457 1021 2493 ,
1061 2423 1158 2494 quem
1198 2401 1281 2474 vitas

152 2527 284 2620 DantiS,
317 2530 509 2602 Petrarchae
541 2539 574 2600 et
599 2528 739 2601 Boccatii
773 2532 859 2601 circa
891 2551 1014 2599 annum
1049 2526 1143 2598 1436
1177 2530 1279 2625 scrip·

154 2657 235 2728 sisse
263 2658 357 2728 docet
383 2655 507 2728 Mehus.
554 2655 643 2741 Quae
677 2656 762 2752 apud
788 2679 864 2727 eum
892 2654 1063 2744 habentur,
1091 2664 1123 2724 et
1156 2656 1275 2750 partim
1320 2744 1323 2748 ι

155 2783 191 2853 ad
211 2781 455 2854 Bartolilocum
479 2783 577 2855 modo
605 2784 801 2879 exscriptum
829 2805 864 2853 se
891 2782 1048 2872 referunt,
1075 2781 1155 2854 haec
1181 2792 1276 2855 sunt:

204 2926 319 2999 Saluta
344 2950 473 3024 quoque
490 2927 636 2998 oratione
662 2928 864 3023 praeclarum
884 2925 1047 3021 quoddam
1067 2949 1149 3022 opus
1168 2925 1281 3016 edidit,

204 3055 291 3151 quod
310 3053 538 3146 „Monarchia“
564 3053 761 3125 inscribitur.
801 3052 837 3122 Id
864 3052 898 3122 in
925 3062 991 3122 tres
1018 3051 1119 3123 libros
1147 3052 1188 3123 ob
1215 3052 1276 3124 tria

204 3181 424 3278 pulcherrima
444 3181 587 3278 quaesita
614 3179 853 3276 speciosissima
872 3179 1027 3251 distinxit.
1077 3179 1113 3250 In
1136 3180 1271 3276 primo

205 3331 346 3404 namque
373 3306 443 3402 ejus
462 3310 570 3403 operis
588 3307 682 3398 libro,
700 3330 793 3378 more
819 3305 985 3378 dialectico
1014 3308 1188 3399 disseram,
1205 3331 1278 3403 per·

204 3444 381 3526 scrutatur,
414 3459 453 3506 an
482 3434 520 3506 ad
548 3436 671 3506 bonum
699 3432 795 3504 Orbis
822 3442 982 3504 terrarum
1010 3443 1145 3525 statum,
1181 3433 1279 3504 unius

204 3562 408 3653 dominatus,
434 3563 488 3659 qui
514 3561 701 3634 Monarchia
729 3583 844 3656 graece
871 3560 1064 3656 appellatur,
1096 3563 1279 3633 necessario

204 3690 398 3787 requiratur.
449 3689 484 3761 ln
519 3689 705 3762 secundo
736 3711 830 3778 vero,
862 3711 903 3757 an
937 3687 1077 3784 populus
1109 3686 1278 3758 Romanus

205 3817 293 3888 hunc
320 3817 417 3888 unius
444 3817 648 3888 dominatum
676 3815 737 3887 sibi
766 3838 830 3885 non
864 3812 981 3908 injuria
1006 3813 1186 3884 adsciverit.
1239 3812 1277 3884 In

206 3945 330 4016 tertio
358 3945 508 4040 denique,
526 3968 567 4015 an
595 3942 740 4038 ejusdem
763 3941 950 4012 dominatus
976 3939 1016 4011 ab
1044 3939 1273 4032 soIoDeo,vel

159 4132 360 4141 -..-—.—-

240 4230 268 4294 ⁵⁰)
287 4227 328 4282 Cf.
345 4227 473 4281 Tnoraru
489 4227 518 4281 in
536 4225 630 4280 Veltro
648 4223 797 4293 allegorico
814 4239 842 4292 p.
864 4225 920 4276 192.
