2940 4808
390 314 526 370 DANTIS
543 312 762 370 MONARCHIA
778 315 825 370 III.
845 314 872 368 (i.
892 321 916 373 8.
1154 315 1210 375 111

92 490 204 571 ligare.
248 487 341 554 Unde
363 486 514 571 inferunt,
545 488 764 554 auctoritatem
793 493 825 552 et
850 486 979 554 decreta
1001 487 1129 572 Imperii
1150 488 1211 554 sol·
1232 492 1262 543 15

93 611 169 659 vere
191 594 223 658 et
244 589 345 671 ligare
365 589 470 674 ipsum
491 608 595 674 posse.

177 691 332 758 Minorem
354 690 511 774 concedo,
541 690 697 775 majorem
720 711 795 756 vero
823 711 887 756 non
909 690 977 755 sine
1001 689 1211 756 distinctione.

92 794 136 860 Et
163 793 237 860 ideo
267 791 353 876 dieo,
383 790 469 873 quod
497 791 558 857 hcc
585 791 710 873 signum
738 793 918 859 universale
946 789 1097 875 „Omne“,
1127 789 1214 873 quod

93 895 265 963 includitur
285 894 319 959 in
337 892 606 978 „quodcumque“,
629 914 801 976 numquam
816 893 977 959 distribuit
999 899 1091 958 extra
1112 892 1211 957 ambi·
1291 880 1294 887 ’

93 1004 161 1064 tum
182 995 309 1064 termini
331 994 501 1063 distributi.
537 997 621 1061 Nam
644 997 671 1061 si
694 996 780 1062 dico:
803 996 904 1063 Omne
925 994 1077 1060 animal
1100 994 1208 1078 currit,
1229 1003 1261 1053 20

95 1121 205 1167 omne
233 1098 394 1164 distribuit
421 1119 478 1182 pro
512 1099 597 1164 omni
625 1120 679 1182 co,
717 1098 803 1180 quod
831 1099 889 1164 sub
923 1116 1037 1180 genere
1065 1095 1211 1160 animalis

94 1199 379 1286 comprehenditur.
431 1199 466 1265 Si
494 1221 569 1266 vero
599 1199 685 1266 dico:
719 1199 829 1266 Omnis
858 1200 971 1266 homo
1001 1198 1109 1282 currit3
1138 1201 1213 1262 tunc

93 1303 218 1386 signum
246 1301 426 1368 universale
454 1320 518 1366 non
546 1300 721 1387 distribuit,
754 1302 816 1366 nisi
843 1321 900 1384 pro
923 1293 1095 1385 suppositis
1116 1299 1212 1382 hujus

93 1405 233 1470 termini:
256 1404 360 1469 homo.
397 1402 438 1465 Et
460 1422 556 1483 quum
572 1403 658 1470 dico:
681 1404 792 1471 Omnis
814 1403 1114 1486 grammaticum
1137 1405 1212 1466 tuno

93 1505 273 1572 distributio
295 1503 397 1584 magis
423 1509 608 1570 coarctatur.
1230 1516 1260 1565 25

178 1607 313 1690 Propter
328 1603 414 1686 quod
428 1624 553 1690 semper
569 1606 742 1673 videndum
757 1611 814 1691 est,
831 1605 908 1688 quid
923 1611 971 1673 est
986 1606 1072 1687 quod
1088 1606 1211 1689 signum

92 1709 271 1776 universale
287 1708 386 1774 habet
400 1708 605 1775 distribuere:
630 1729 691 1791 quo
714 1708 792 1791 viso,
816 1708 909 1775 facile
928 1701 1096 1793 apparebit
1114 1728 1209 1790 quan-

92 1818 161 1878 tum
182 1830 241 1877 sua
264 1808 445 1876 distributio
468 1810 633 1894 dilatetur,
665 1810 792 1892 cognita
819 1814 932 1874 natura
954 1816 986 1875 et
1008 1809 1130 1876 ambitu
1151 1816 1210 1875 ter-

92 1913 170 1978 mini
186 1910 353 1996 distributi.
393 1912 485 1979 Unde
502 1933 598 1994 quum
615 1912 737 1995 dicitur,
760 1911 1007 1995 „Quodcumque
1022 1910 1209 1994 ligaveris“;

92 2014 120 2080 si
142 2014 203 2080 hoc
224 2013 486 2097 „quodcumque“
509 2019 685 2081 sumeretur
706 2015 860 2096 absolute,
885 2034 995 2078 verum
1018 2017 1102 2079 esset
1124 2011 1210 2092 quod
1229 2026 1260 2077 30

93 2115 209 2198 dicunt,
232 2118 265 2178 ct
285 2135 348 2179 non
370 2115 472 2180 solum
494 2117 554 2183 hoc
575 2118 680 2182 faeere
703 2119 826 2201 posset,
856 2115 931 2196 quin
961 2112 1057 2181 etiam
1086 2115 1211 2180 solvere

92 2235 224 2282 uxorem
246 2236 266 2278 a
288 2216 372 2300 viro,
397 2223 428 2282 et
449 2218 549 2299 ligare
571 2217 675 2303 ipsam
698 2217 806 2299 alteri,
834 2216 962 2282 vivente
984 2216 1102 2301 primo,
1126 2215 1212 2297 quod
1322 2302 1324 2307 y

91 2317 180 2384 nullo
202 2315 297 2383 modo
319 2323 433 2403 potest.
478 2320 591 2385 Posset
614 2318 710 2385 etiam
732 2319 856 2384 solvere
885 2337 935 2382 me
963 2337 1026 2382 non
1048 2317 1209 2402 poeniten-

29 2415 31 2419 ’
92 2424 172 2503 tem,
196 2418 399 2500 quodetiam
421 2420 525 2486 facere
547 2420 618 2504 ipse
640 2421 728 2486 Deus
750 2441 812 2486 non
834 2423 950 2503 posset.

178 2521 282 2599 Quum
303 2538 379 2602 ergo
401 2521 447 2586 ita
469 2523 526 2605 sit,
555 2522 758 2588 manifestum
781 2527 844 2604 est,
874 2520 959 2601 quod
980 2540 1043 2586 non
1065 2519 1210 2585 absolute
1229 2537 1259 2587 35

92 2623 247 2690 sumenda
268 2627 317 2687 est
339 2623 397 2687 illa
420 2622 611 2709 distributio,
635 2624 693 2689 sed
707 2623 883 2708 respective
898 2622 940 2687 ad
962 2621 1092 2703 aliquid.
1127 2620 1212 2700 Quid

92 2728 200 2791 autem
221 2725 279 2789 illa
301 2726 467 2810 respiciat,
491 2726 567 2790 satis
590 2732 639 2792 est
661 2724 802 2808 evidens,
826 2724 1024 2791 considerato
1045 2723 1103 2789 illo
1126 2722 1212 2805 quod

122 2876 144 2909 ¹⁹
161 2877 192 2929 A.
212 2876 360 2930 includitur
378 2877 406 2929 in
425 2892 593 2945 quocumque
746 2875 821 2929 hibet
837 2873 882 2941 V.)
904 2874 1093 2944 quodcumque
1118 2905 1152 2912 —
1177 2874 1211 2926 L.

178 2961 208 3013 F.
227 2961 258 3015 P.
278 2962 311 3015 V.
333 2966 359 3014 ct
376 2961 450 3015 editt.
479 2959 626 3014 anteriores
745 2961 771 3013 si
787 2960 857 3013 ilion
873 2959 970 3029 quode.
989 2989 1023 2996 -—
1045 2959 1079 3011 H.
1099 2960 1123 3012 si
1139 2959 1212 3013 istud

160 3051 241 3099 extra
258 3044 377 3100 babilam
397 3047 505 3099 termini
746 3044 842 3112 quode.
860 3073 893 3082 —
911 3043 948 3099 M.
967 3045 992 3096 si
1008 3044 1047 3097 ibi
1063 3043 1160 3113 quode.

116 3131 139 3168 2¹
157 3130 187 3183 P.
206 3130 255 3185 sub
272 3147 372 3201 qenere
389 3131 492 3184 animai
514 3161 535 3168 —
556 3129 624 3183 Edd.
705 3129 728 3161 ³²
745 3128 779 3180 H.
803 3129 910 3199 primo,
937 3133 1009 3183 certe
1037 3127 1111 3198 qnod
1135 3126 1210 3182 nullo

159 3216 228 3269 male
245 3215 295 3270 sub
312 3232 373 3286 pen.
392 3216 505 3270 nnimel‘
742 3212 821 3267 modo

117 3301 142 3334 2²
157 3299 189 3353 F.
209 3300 239 3368 Ρ.
258 3300 460 3371 comprehendit
704 3298 773 3350 ³³1³.
793 3314 835 3351 me
851 3297 955 3352 solvere
973 3299 1171 3369 impoenitentem

118 3385 142 3418 2⁸
159 3385 192 3437 A.
211 3385 248 3438 M.
267 3385 410 3438 videndam
428 3391 479 3449 est,
507 3383 575 3452 quid
590 3383 625 3437 si·
705 3384 728 3416 ³⁴
746 3383 779 3436 A.
799 3384 864 3454 quin
882 3384 963 3436 etiam
979 3382 1076 3451 fecere

160 3485 244 3539 qnam
261 3499 295 3509 -
311 3469 343 3522 F.
362 3470 413 3523 oid.
433 3475 479 3534 est,
500 3468 574 3538 qnod
590 3469 626 3522 si·
703 3469 727 3502 ³⁵
743 3467 775 3521 F.
794 3484 850 3522 non
868 3469 906 3522 ita
924 3467 1044 3522 absolate

159 3568 242 3622 pnom
257 3554 332 3606 -L.
352 3553 397 3607 oid
422 3559 461 3606 est
478 3553 627 3622 quodquod
703 3555 726 3587 ³⁶
745 3555 778 3607 A.
796 3553 828 3607 F.
847 3554 879 3606 L.
897 3553 935 3606 M.
959 3551 1039 3617 Quod
1055 3556 1145 3605 entem
1162 3550 1210 3604 ille

159 3639 229 3708 sinn.
256 3667 285 3676 -
316 3637 346 3690 P.
365 3637 418 3691 oid.
438 3644 478 3690 est
495 3637 569 3707 qnod
586 3643 625 3690 est
704 3639 726 3670 ³⁷
743 3639 776 3690 A.
794 3638 827 3692 V.
847 3637 1017 3693 coitsiderato
1035 3635 1105 3691 titud
1132 3667 1154 3675 -
1176 3634 1207 3688 F.

161 3722 236 3792 qaod
251 3726 321 3793 ripn.
743 3723 775 3775 L.
795 3723 825 3776 P.
846 3721 1027 3778 eoirst'derotio
1045 3721 1156 3775 illnd-
1169 3719 1208 3772 M.

118 3807 150 3873 ²⁹,
170 3809 193 3841 ³⁰
216 3809 248 3861 A.
267 3807 299 3860 F.
318 3807 348 3859 P.
372 3807 399 3860 si
422 3806 448 3859 li.
467 3805 494 3869 (i.
514 3820 536 3858 e.
555 3805 624 3876 liqn—
744 3807 941 3861 considerando
959 3805 1028 3860 titud

159 3893 230 3946 neris
256 3891 326 3960 quod
350 3890 438 3960 plenis
464 3890 548 3944 literis
579 3906 624 3943 ex-

162 4010 185 4043 ³³
203 4009 242 4063 of.
260 4009 402 4063 Anenonrs
419 4007 558 4063 Infernum
574 4009 683 4063 XXVII.
703 4014 758 4064 118.

345 4095 471 4148 Assolner
492 4110 546 4148 non
564 4095 590 4147 si
598 4097 673 4163 pao,
693 4093 808 4148 chinon
824 4095 959 4163 sipente,

414 4161 455 4216 Ne
467 4168 582 4233 pentere
599 4179 613 4214 e
631 4162 719 4215 volere
737 4162 845 4214 insieme
858 4163 958 4232 perorsi
964 4203 970 4228 ,

412 4229 467 4284 Per
486 4231 512 4284 ln
529 4229 719 4285 contraditione
736 4228 785 4285 ebe
802 4229 850 4284 noi
865 4236 999 4285 coiisente.
