2940 4808
148 307 268 362 XXVIII
580 307 863 368 Pacuuaouunn.

202 480 284 573 „Dei
318 482 421 573 filius,
456 484 590 557 humani
617 485 748 578 generis
775 494 923 555 naturam
952 508 1123 556 assumens
1144 539 1269 554 .....

202 609 447 683 Ecclesiasticae
483 611 651 706 potestatis
685 610 891 685 altitudinem
924 635 1002 683 sues
1029 611 1141 684 fideles
1168 614 1270 687 latare

203 736 326 827 naluit.;
344 737 504 833 quinimo,
520 747 686 834 tamquam
705 761 804 832 super
822 748 946 834 petraur
966 738 1145 831 fundatam,
1162 741 1269 837 ipsam

202 889 273 938 esse
307 863 405 959 supra
438 889 571 937 ornnem
606 865 823 964 principatum
858 875 891 937 et
923 875 1137 960 patestatem,
1168 879 1205 941 ut
1237 870 1270 940 ei

202 1016 306 1087 genua
351 1001 466 1063 cuncta
514 1004 690 1065 curventur
733 993 945 1082 coelestium,
989 995 1193 1071 terrestrium
1234 1007 1269 1068 et

201 1121 428 1210 internorum,
455 1119 574 1191 verbis.
587 1120 803 1215 apertissimis
829 1120 1011 1192 declaravit.
1055 1120 1149 1195 Unde
1176 1147 1270 1197 error

201 1258 260 1338 est,
285 1255 321 1317 ut
346 1254 434 1341 pute,
460 1247 618 1341 pertinaci
643 1242 709 1345 (si)
737 1247 839 1318 menti
864 1242 939 1346 (si),
967 1272 1033 1319 nnn
1052 1249 1184 1321 credere
1202 1250 1269 1323 Ro·

202 1397 338 1445 manum
357 1371 560 1464 Pontificem,
588 1374 779 1447 universalis
796 1373 961 1447 Ecclesiae
979 1358 1153 1471 pastorem,
1179 1376 1269 1451 Petri

201 1523 426 1573 successorem
447 1511 478 1570 et
496 1499 615 1572 Christi
643 1500 827 1596 legitimum
855 1502 1021 1592 vicarium,
1048 1527 1146 1599 super
1172 1505 1270 1600 spiri-

200 1626 295 1698 tualia
315 1637 346 1696 et
364 1626 552 1722 temporalia
573 1627 787 1699 universalem
808 1630 907 1720 [non]
934 1629 1053 1701 habere
1080 1630 1269 1724 primatum,

158 1840 160 1844 v
200 1757 233 1831 in
262 1778 358 1851 quern
387 1755 481 1825 multi
508 1755 662 1827 labuntur
688 1755 792 1827 dictae
818 1757 986 1851 potestatis
1006 1757 1267 1850 ignorantia...

113 1853 117 1862 .
199 1883 290 1954 Multi
317 1890 425 1953 autern
453 1883 580 1955 curiosa
608 1883 759 1973 seientia,
785 1893 818 1953 et
843 1884 968 1954 utinam
996 1906 1063 1956 non
1100 1885 1181 1959 elata
1214 1911 1269 1959 su·

199 2010 319 2107 peritia,
346 2009 514 2104 cupientes
533 2034 572 2081 ex
590 2009 784 2106 quibusdam
805 2011 897 2082 novis
915 2011 1016 2081 videri
1033 2013 1142 2106 potius
1168 2037 1267 2109 quam

198 2138 318 2227 videre,
343 2147 375 2207 et
393 2137 468 2207 sciri
486 2135 595 2233 potius
613 2160 711 2232 quarn
730 2138 824 2229 scire,
850 2138 1014 2209 imitantes
1042 2137 1075 2208 in
1103 2139 1165 2212 hoc
1191 2140 1268 2212 illus

198 2265 345 2339 curiosos
363 2276 395 2333 et
420 2265 663 2358 superstitiosos
681 2265 910 2337 archanenses
938 2240 1007 2360 (yn
1025 2262 1268 2365 Athenienses),

199 2391 276 2488 quid
294 2391 333 2462 ad
353 2390 434 2465 nihil
451 2390 538 2463 atiud
565 2391 728 2482 vacabant,
756 2392 816 2462 nisi
844 2391 955 2463 audire
982 2392 1031 2463 vel
1058 2392 1183 2465 discere
1209 2393 1268 2467 ali·

202 2519 277 2616 quid
307 2517 411 2591 novi.“
426 2517 479 2612 αδ)

331 2681 488 2738 AUGUST.
523 2679 581 2735 ΤΒ.
599 2681 684 2736 ΧΧΠ.
704 2687 728 2737 3.
744 2682 888 2749 (DANTIS
906 2681 989 2737 MON.
1008 2681 1028 2734 Ι.
1047 2687 1082 2748 8.)

196 2792 299 2885 „Tota
319 2791 468 2861 machina
487 2789 662 2861 mundialis
688 2815 754 2862 non
781 2800 832 2862 est
858 2790 920 2861 uisi
940 2813 1025 2860 unus
1052 2792 1287 2894 principatus·

198 2918 263 2991 Sed
283 2919 356 3013 quia
376 2941 442 2988 nnn
462 2917 558 2989 debet
573 2941 643 2989 esse
662 2918 724 2989 nisi
742 2941 828 2990 uuus
846 2918 1035 2989 universalis
1054 2919 1265 3016 principatus,

197 3046 270 3118 idea
297 3069 383 3116 unus
408 3047 561 3143 'princeps
586 3054 618 3116 et
633 3069 719 3115 unus
738 3044 947 3140 principatus.
982 3043 1137 3143 Princeps
1155 3059 1264 3120 autern

196 3174 294 3244 totius
317 3174 519 3269 principatus
546 3171 660 3244 niundi
691 3183 740 3242 est
766 3174 834 3270 ipse
864 3171 1030 3262 Christus,
1058 3171 1150 3266 cujus
1176 3174 1261 3272 Papa

195 3300 334 3372 vicarius
353 3301 491 3372 existit.“

389 3464 473 3520 AUG.
492 3464 550 3519 ΤΒ.
568 3464 697 3518 XXXVI.
718 3469 739 3518 I.
758 3463 802 3529 (D.
821 3462 901 3517 ΜΘΝ.
920 3464 968 3517 III.
986 3469 1021 3529 4.)

195 3571 356 3666 „Planum
373 3583 451 3663 est,
485 3571 571 3668 quad
606 3571 681 3642 iuna
709 3571 872 3642 derivatur
899 3597 915 3642 a
944 3572 1012 3642 soie
1040 3582 1201 3668 quantum·
1223 3575 1264 3645 ad

197 3699 266 3794 ejus
284 3699 526 3791 sarmationem,
545 3699 620 3795 quia
638 3724 677 3771 ex
696 3699 748 3770 illa
766 3698 849 3790 luce,
868 3723 948 3794 quae
967 3699 1049 3769 iacta
1070 3699 1265 3775 describitur

195 3829 229 3898 in
258 3827 376 3901 Genesi
410 3828 515 3923 prima
542 3826 611 3918 die,
644 3828 737 3898 tertie
772 3829 824 3899 die
858 3824 1070 3920 postmodum
1104 3826 1264 3900 formatus

197 3967 245 4024 est
273 3957 338 4046 soi,
365 3956 483 4027 deinde
518 3955 593 4027 iuna
628 3979 664 4026 ac
691 3955 771 4027 aliae
798 3952 918 4025 stellae.
971 3951 1012 4023 Et
1039 3963 1194 4048 quantum
1223 3953 1260 4027 ad

146 4125 348 4137 ῃ·-

230 4204 258 4270 ²⁸)
277 4203 368 4259 Actus
387 4204 512 4271 Apostcl.
530 4203 615 4257 XVII.
634 4207 675 4257 20.
