2940 4808
412 311 546 365 DANTIS
564 310 783 366 MONARCHIA
800 311 847 364 III.
866 310 894 365 C.
914 316 938 365 9.
1176 309 1235 370 113

112 505 184 550 cum
206 483 266 548 ait:
295 483 399 567 „Ecce
429 482 491 548 duo
522 482 623 564 gladii
652 481 738 565 hic“;
770 487 802 547 et
824 482 946 567 dicunt,
977 482 1063 565 quod
1084 505 1142 567 per
1162 482 1268 549 illoss

112 585 213 652 duos
235 584 399 668 gladios
430 584 492 650 duo
520 585 684 670 praedicta
713 584 869 666 regimina
890 585 1121 669 intelligentam
1154 606 1235 667 quae

112 686 266 770 quoniam
293 687 405 752 Petrus
436 686 517 750 dixit
544 706 614 751 esse
637 686 698 768 ibi,
727 687 783 751 ubi
805 693 887 770 erat,
917 688 978 753 hoc
1006 693 1055 753 est
1082 687 1168 773 apud
1190 707 1234 772 se,

111 788 188 854 inde
223 792 373 870 arguunt,
407 787 464 852 illa
500 788 561 854 duo
595 787 765 872 regimina,
800 788 973 855 secundum
1006 792 1269 874 auctoritatems

114 890 203 974 apud
225 909 440 956 successorem
461 890 549 956 Petri
572 889 752 955 consistere.

199 992 241 1056 ut
269 991 312 1056 ad
340 990 400 1057 hoo
432 990 615 1074 dicendum,
649 1012 708 1075 per
735 991 1010 1076 interemptionem
1044 1013 1168 1078 sensus,
1203 995 1237 1060 in

115 1113 176 1177 quo
200 1093 350 1160 tundatur
372 1099 600 1174 argumentum.
645 1093 763 1157 Dicunt
786 1094 877 1177 euim,
900 1094 975 1160 illos
998 1095 1077 1161 duos
1098 1095 1234 1181 gladios,

113 1215 195 1280 quos
218 1195 435 1278 adsignaverit
464 1197 592 1276 Petrus,
623 1194 685 1260 duo
707 1196 852 1278 praefata
873 1196 1027 1277 regimina
1049 1196 1235 1282 importare:

114 1297 201 1380 quod
231 1297 357 1362 omnino
385 1296 567 1377 negandum
596 1301 659 1378 est,
692 1301 759 1361 turn
788 1298 863 1378 quia
890 1296 948 1362 1110
972 1299 1137 1383 responsio
1170 1318 1286 1368 1101110

112 1399 224 1466 fuisset
252 1399 295 1463 ad
322 1398 526 1464 intentionem
550 1397 681 1481 Christi,
714 1405 781 1463 tum
811 1400 886 1479 quia
913 1402 1040 1483 Petrus,
1075 1400 1116 1467 de
1137 1421 1234 1485 more,

113 1501 218 1568 subito
242 1486 457 1585 respondebat
478 1498 521 1563 ad
543 1521 647 1566 rerum
670 1499 867 1584 superficiem
889 1505 1020 1567 1011111111.

157 1653 167 1685 ³
185 1652 216 1705 P.
235 1651 369 1722 regimina
390 1650 540 1703 1111010001

158 1737 168 1768 ⁴
188 1736 286 1801 codd,
305 1735 348 1789 vel
364 1733 449 1787 literis
468 1735 588 1799 disertis,
608 1736 649 1789 rel

768 1651 875 1721 quidem
893 1647 1007 1716 Petrus,
1031 1653 1073 1706 rel
1097 1669 1157 1706 cum
1176 1651 1235 1707 cod.

768 1735 800 1789 F.
810 1752 881 1805 qrrce
889 1734 989 1789 Petrus
1007 1737 1147 1806 legendum
1156 1737 1235 1792 10101.

182 1821 262 1876 solito
280 1819 488 1875 abbreviationis
512 1820 581 1887 signi
598 1819 648 1883 usI,

182 1922 253 1976 quae
277 1906 352 1975 quod
373 1904 472 1958 Petras
509 1935 538 1944 -
573 1905 648 1958 Unus

183 1990 241 2045 cod.
251 1990 283 2044 F.
295 1989 451 2058 simpliciter
470 2004 541 2058 quoe
551 1987 650 2042 Petrus

183 2074 316 2127 -‘Ficin.
336 2076 347 2127 i
363 2074 448 2145 quali,
460 2071 562 2144 poiche
579 2072 650 2127 disse

182 2156 276 2212 Pietro

157 2243 376 2311 ⁶conjecturam
410 2247 543 2306 nostram,
587 2241 651 2295 inde

182 2331 304 2398 arguunt
320 2342 370 2395 pro
380 2325 452 2380 erede
470 2343 529 2396 erp.
550 2327 649 2380 substi-

182 2414 311 2475 tuentem,
329 2411 455 2479 probavit
468 2411 569 2465 Fratic.
593 2412 650 2465 Ad-

182 2501 324 2550 versantur
368 2493 486 2561 codices,
536 2511 649 2563 quorum

181 2581 272 2645 lectio,
290 2586 321 2633 111
338 2579 506 2648 terripossit,
525 2581 566 2633 vel
579 2597 650 2650 qrrae

745 1822 755 1853 ⁷
773 1821 805 1874 A.
819 1837 876 1890 pro
894 1821 1119 1891 interpretatione

746 1906 806 1958 ⁸A.
823 1905 855 1957 F.
874 1904 907 1956 H.
926 1904 958 1958 L.
978 1905 1009 1959 V.
1037 1908 1065 1960 ia
1092 1924 1145 1978 qao
1169 1907 1235 1976 fren-

769 1989 835 2044 dant
852 1996 1040 2061 argumentum

745 2074 756 2106 ⁹
773 2075 805 2126 A.
824 2073 856 2126 F.
867 2075 899 2127 H.
909 2075 938 2128 P.
949 2074 981 2128 V.
1001 2092 1068 2145 quos
1086 2077 1237 2147 essipttaue't

769 2157 868 2213 Petrus
981 2160 984 2164 ’

787 2246 818 2296 A.
828 2243 859 2297 P.
878 2243 932 2298 dico
945 2244 1081 2314 praefata
1094 2246 1136 2309 (A.
1150 2262 1236 2317 prae·

770 2333 884 2393 asserta)
902 2345 988 2400 repca

731 2413 751 2444 ¹⁰
768 2412 797 2465 P.
819 2421 873 2465 tunt
892 2415 957 2482 qnia
976 2414 1024 2467 tlte
1042 2415 1113 2467 ratio

730 2499 750 2528 ¹¹
768 2496 798 2549 F.
818 2504 873 2549 tum
892 2500 957 2566 qaia
975 2498 1008 2551 de
1025 2515 1099 2551 more

113 2718 156 2772 De
173 2714 218 2769 fin.
237 2715 346 2783 regund.
363 2713 421 2783 jud.
439 2732 465 2782 p.
485 2720 592 2769 its-te.
613 2720 639 2769 01
655 2716 683 2770 in
700 2715 814 2784 Ephem.
832 2717 852 2784 j.
870 2717 934 2770 eccl.
958 2734 983 2784 p.
1002 2721 1043 2780 86,
1064 2722 1104 2771 st.
1123 2718 1234 2774 —Hoc

114 2788 300 2852 argumentum
309 2799 375 2903 prae
390 2784 513 2837 omnibus
528 2783 600 2852 apud
614 2785 760 2853 scriptores
770 2783 848 2837 medii
869 2785 926 2838 aevi
943 2784 1162 2849 usitatissimum,
1178 2787 1235 2854 jam

114 2853 223 2907 saeculo
241 2851 287 2904 XI.
335 2852 445 2905 abemus
470 2851 498 2904 in
522 2851 635 2919 epistola
653 2851 782 2905 decretali
800 2851 864 2906 Gre
894 2852 959 2906 orii
979 2853 1035 2905 VII.
1061 2853 1090 2907 in
1107 2854 1235 2909 Mansii

114 2919 272 2976 collectione
300 2919 401 2973 Concil.
428 2919 485 2972 XX.
513 2924 557 2974 331
581 2937 619 2988 sq.
663 2919 791 2973 Recurrit
816 2921 844 2972 in
869 2869 1023 2988 {perulo
1050 2921 1234 2989 Saronico,

112 2988 191 3043 initio
211 3003 281 3041 saec.
300 2987 374 3040 XIII.
400 2988 547 3056 composito
567 2987 751 3050 (transiret.)
780 2987 919 3052 „Duorum
942 2989 1092 3056 gladiorum
1114 2996 1234 3058 potesta-

112 3062 175 3122 tem,
194 3055 360 3122 spiritualem
379 3056 483 3109 scilicet
501 3062 528 3110 01
545 3057 718 3121 saecularem,
736 3054 771 3108 ad
790 3056 984 3109 defendendum
1002 3072 1079 3110 suum
1097 3059 1235 3126 populum,

115 3125 237 3179 Christus
265 3124 293 3176 in
320 3139 369 3176 sua
392 3123 554 3192 approbavit
569 3123 702 3177 Ecclesia.
746 3123 791 3176 Ex
809 3124 906 3190 quibus
923 3125 1040 3193 Papam,
1059 3126 1235 3193 spiritualem,

113 3197 143 3246 et
160 3192 311 3246 Romanurn
329 3190 482 3260 Priuprem
500 3192 667 3245 saecularem
676 3191 784 3258 habere,
803 3207 879 3245 nemo
893 3193 1030 3260 ambigit.“
1057 3194 1154 3248 Perma
1191 3212 1236 3250 um

114 3261 139 3314 ei
164 3264 329 3314 momentum
356 3261 475 3313 tribuere
501 3260 606 3313 videtur
632 3258 837 3314 Bonifacius
865 3260 937 3314 VIII.
969 3261 997 3314 in
1024 3261 1104 3315 Bulla
1131 3303 1146 3328 ,‚
1173 3280 1236 3318 110111

114 3332 267 3382 sanctam“:
301 3327 348 3391 „ln
372 3328 424 3380 1100
449 3329 559 3396 ejusque
583 3331 719 3396 potestate
744 3327 811 3381 duos
837 3343 895 3382 esse
922 3329 1040 3396 gladios,
1068 3331 1235 3398 spiritualem

113 3395 238 3450 videlicet
256 3401 283 3449 01
301 3396 488 3463 temporalem,
513 3395 673 3462 evangelicis
700 3395 778 3449 dictis
797 3397 962 3450 instruimur.
997 3397 1067 3450 Nam
1085 3398 1235 3453 dicentibus

113 3465 264 3534 Apostolis:
284 3462 373 3527 „Ecce
389 3463 471 3531 gladii
489 3464 541 3517 duo
559 3464 621 3517 hic“
638 3494 672 3503 -
695 3463 723 3517 in
741 3465 866 3518 Ecclesia
883 3465 994 3531 scilicet,
1013 3482 1094 3533 quum
1111 3467 1236 3534 Apostoli

115 3533 290 3599 loquerentur
308 3561 354 3595 -,
382 3548 438 3584 non
462 3532 600 3599 respondit
617 3531 762 3595 Dominus,
786 3532 864 3586 nimIs
882 3548 953 3597 esse,
972 3533 1020 3587 sed
1038 3534 1111 3586 satis.
1148 3534 1234 3599 Certe,

113 3601 212 3670 quiin
236 3605 371 3668 potestate
388 3599 463 3653 Petri
488 3600 664 3668 temporalem
688 3600 805 3667 gladium
832 3616 891 3654 esse
913 3605 1007 3668 negat,
1034 3601 1103 3654 male
1125 3603 1236 3656 verbum

114 3668 230 3722 attendit
256 3666 365 3736 Domini
391 3667 567 3734 proferentis:
601 3666 750 3732 „Converte
776 3669 894 3736 gladium
924 3677 999 3723 tuum
1027 3668 1054 3722 in
1086 3671 1234 3737 vaginam.“

113 3736 233 3804 Uterque
251 3741 292 3789 est
310 3735 339 3787 in
356 3741 490 3802 potestate
508 3735 663 3798 EcclesIae,
688 3736 833 3802 spirituaIIs
857 3737 961 3790 scilicet
978 3736 1082 3803 gladius
1107 3742 1134 3791 et
1150 3744 1235 3791 mate·

112 3804 195 3858 rialis.
232 3803 284 3857 Sed
301 3803 324 3856 is
344 3803 450 3871 quidem
475 3820 534 3870 pro
551 3803 689 3866 Ecclesia,
713 3803 758 3856 ille
776 3820 838 3859 vero
860 3806 899 3859 ab
917 3804 1043 3858 Ecclesia
1060 3805 1233 3860 exercendus.

113 3873 163 3926 llle
181 3871 343 3933 sacerdotis,
362 3871 385 3925 is
404 3887 485 3924 manu
502 3887 593 3939 regum
612 3877 639 3925 et
656 3871 784 3930 militum.
805 3873 851 3926 sed
869 3871 904 3926 ad
921 3878 1016 3927 nutum
1033 3879 1060 3927 01
1097 3874 1236 3929 atientiam

113 3940 272 3994 sacerdotis.
301 3939 415 4007 Oportet
432 3947 521 3993 01110111
530 3937 647 4007 gladium
665 3955 723 3993 esse
741 3940 790 3993 sub
800 3941 897 4008 gladio,
916 3949 943 3994 01
956 3891 1235 4008 101110101011011010-

114 4009 222 4061 ritatem
240 4006 373 4075 spirituali
395 4006 494 4075 subjici
517 4007 653 4075 potestati.
689 4007 758 4060 Nam
776 4023 856 4074 quum
875 4007 948 4061 dicat
965 4009 1127 4076 Apostolus:
1155 4010 1236 4076 „Non

116 4080 158 4130 est
175 4081 308 4144 potestas,
327 4075 378 4128 nisi
396 4091 412 4128 0
432 4076 502 4142 1)00;
529 4090 597 4143 quae
615 4080 705 4128 autem
723 4081 800 4138 sunt,
821 4091 837 4129 0
855 4075 913 4129 Deo
931 4076 1056 4130 ordinata
1074 4081 1163 4143 sunt,“
1181 4095 1236 4133 non

115 4149 206 4197 autem
224 4143 348 4197 ordinata
366 4147 463 4207 essent,
482 4143 534 4197 nisi
551 4142 654 4210 gladius
672 4147 744 4196 esset
762 4145 810 4196 sub
821 4143 917 4211 gladio,
936 4149 964 4199 et
980 4150 1108 4213 tanquam
1124 4146 1237 4202 inferior

115 4211 290 4266 reduceretur
307 4227 355 4281 per
373 4211 455 4265 alium
471 4212 500 4264 in
519 4214 670 4281 suprema.“

1083 4303 1097 4354 8
