2940 4808
151 310 240 364 XLIV
570 307 852 365 PROLEGOMENA.

254 483 291 556 Si
323 482 580 579 suppellectilem
613 482 804 573 literarium,
838 506 900 578 qua
934 481 967 552 in
1003 482 1093 553 libris
1131 481 1171 553 de
1204 481 1272 554 Μο-

153 609 284 682 narcbia
310 610 412 681 utitur
431 620 551 701 noster,
568 609 749 681 accuratius
767 609 959 704 inspexeris,
977 632 1043 679 non
1071 608 1177 680 solum
1203 633 1272 681 am·

152 738 221 810 bitu
257 738 418 809 minorem
453 761 525 808 eam
560 736 705 811 invenies
739 760 792 826 ca,
832 759 928 830 quam
962 736 995 806 in
1031 734 1184 807 Convivio
1218 736 1273 807 ad·

151 866 271 956 hibuit,
304 864 361 936 sed
389 865 499 935 minor
525 864 620 936 eliam
656 862 689 932 in
717 862 921 935 citationibus
955 862 1034 933 tides
1067 874 1100 935 et
1133 863 1271 936 eruditio

152 1004 183 1065 te
216 980 285 1064 non
322 992 435 1086 lugiet.
495 991 600 1061 Taceo
639 990 759 1061 librum
793 990 861 1080 „de
894 990 1026 1061 causis“
1059 991 1132 1086 plus
1169 993 1271 1064 semel

152 1117 377 1190 Aristoteli
404 1142 539 1189 erronee
566 1116 735 1188 tributum.
782 1114 917 1189 Gravius
944 1129 1003 1208 est,
1028 1118 1131 1212 capite
1158 1117 1271 1215 quinto

152 1246 225 1318 libri
253 1244 387 1316 secundi
415 1244 609 1341 opusculum
635 1226 803 1314 Martini
829 1242 1071 1315 Dumiensis
1095 1243 1271 1334 „Formula

150 1374 306 1445 honestae
337 1372 435 1462 vitae,
472 1372 537 1442 sire
572 1370 611 1441 de
647 1380 783 1465 quatuor
815 1371 986 1443 virtutibus
1020 1371 1272 1465 cardinalibus“,

151 1500 248 1597 quod,
266 1522 366 1594 quum
382 1497 571 1570 Convivium
593 1495 709 1590 (111.8)
728 1497 893 1589 scriberet,
911 1522 977 1568 non
996 1521 1067 1569 esse
1086 1498 1272 1570 Senecae

150 1626 351 1698 intellexerat
382 1636 512 1716 auctor,
545 1624 605 1696 sub
639 1624 773 1695 nomine
806 1625 929 1720 antiqui
964 1626 1050 1697 illius
1085 1625 1271 1722 philosophi

150 1751 284 1825 laudari.
303 1793 352 1802 -
371 1750 466 1845 Pejus
485 1752 581 1822 etiam
600 1749 759 1822 Livium
788 1752 890 1823 citans
909 1753 1040 1824 erravit:
1068 1777 1135 1824 non
1163 1754 1270 1825 solum

151 1880 250 1969 enim,
269 1903 349 1974 quae
369 1877 520 1949 Oresio
548 1876 716 1968 debentur,
734 1879 854 1975 passim
883 1875 987 1977 (11.4.
1015 1880 1072 1951 lin.
1093 1879 1152 1970 48,
1177 1879 1216 1951 ll.
1238 1882 1271 1951 5.

150 2007 207 2077 lin.
239 2007 298 2099 57)
334 2005 486 2076 Patauino
515 2003 667 2075 historiae
688 2002 855 2076 Romanae
883 2005 1031 2101 scriptori
1058 2005 1187 2096 tribuit,
1214 2007 1272 2078 sed

150 2143 182 2205 et
208 2143 471 2204 commentorum
499 2131 597 2201 medii
625 2132 693 2202 aevi
719 2132 846 2204 incusat
873 2131 921 2221 (ll.
951 2131 984 2202 9.
1019 2133 1077 2204 lin.
1097 2135 1157 2224 47)
1182 2134 1272 2206 aurei

150 2261 269 2332 saeculi
299 2269 476 2331 auctorem.

250 2385 337 2457 Haeo
374 2386 482 2456 omnia
521 2384 674 2479 juvenem
715 2385 835 2479 magis,
882 2410 978 2481 quam
1015 2387 1120 2458 virum
1165 2397 1272 2459 tantae

151 2513 326 2604 doetrinae,
353 2522 506 2608 quantam
534 2513 565 2583 in
586 2512 691 2584 Dante
717 2512 927 2605 admiramur,
945 2513 1089 2586 indicare
1107 2515 1269 2586 videntur.

151 2638 215 2710 Sed
235 2663 275 2709 ne
293 2639 371 2710 illud
400 2639 531 2735 quidem
554 2639 826 2736 praetereundum
853 2650 912 2732 est,
925 2651 1091 2713 auctorem
1121 2652 1269 2714 nostrum

150 2774 297 2860 tempore
324 2789 388 2862 quo
405 2765 503 2860 lyrica
530 2764 599 2859 ejus
625 2775 775 2862 poemata
801 2767 865 2838 iam
892 2792 951 2864 per
967 2769 1128 2863 integram
1147 2767 1271 2839 ltaliam

149 2892 377 2983 recitabantur,
396 2917 470 2990 quo,
488 2894 687 2966 vastissimae
706 2894 897 2966 eruditionis
916 2919 1009 2991 opus,
1031 2904 1168 2991 quatuor
1187 2893 1271 2967 Con·

149 3018 223 3089 vivii
250 3027 412 3111 tractatus,
437 3021 471 3090 in
497 3020 605 3091 lucem
632 3021 829 3117 prodierant,
846 3044 918 3092 eam
947 3021 1110 3093 scribendi
1130 3047 1272 3116 causam,

149 3169 191 3216 ne
215 3146 417 3242 „perniciosa
436 3170 553 3240 vorago
580 3171 709 3246 semper
735 3147 950 3242 ingurgitans,
969 3159 1001 3219 et
1027 3172 1193 3246 nunquam
1222 3151 1271 3221 in·

149 3273 310 3367 gurgitata
343 3273 549 3345 refundens“
584 3274 762 3364 diceretur,
796 3285 828 3346 et
864 3285 900 3349 ut
930 3276 1127 3372 „posteritas
1157 3277 1271 3349 babeat

150 3423 213 3496 quo
240 3399 279 3471 ab
306 3424 345 3470 eo
374 3399 519 3471 ditetur“
544 3400 690 3494 prolerre
719 3425 784 3471 non
811 3401 964 3496 potuisse.

251 3525 316 3598 Sed
358 3527 492 3622 propius
534 3527 630 3598 etiam
665 3528 704 3599 ad
737 3538 867 3624 tempus
902 3553 964 3624 quo
1000 3554 1082 3627 opus
1120 3545 1269 3604 nostrum

149 3652 365 3750 compositum
394 3663 442 3724 est
467 3653 620 3724 accedere
638 3653 761 3726 licebit:
796 3655 884 3747 Quae
913 3658 1005 3728 initio
1032 3657 1106 3729 libri
1133 3658 1269 3730 secundi

149 3923 248 3980 tamen,
268 3919 302 3973 de
320 3920 423 3973 honore
441 3934 474 3974 ex
493 3919 547 3974 hoc
564 3935 648 3989 opere
665 3923 692 3975 in
710 3936 741 3976 se
758 3924 884 3976 emuncto
902 3920 1011 3989 gloriari
1029 3927 1139 3991 poterat
1155 3923 1269 3980 Dentes

150 4010 191 4065 Of.
209 4010 349 4080 Wegele
367 4014 384 4068 l.
402 4029 425 4067 c.
444 4029 471 4081 p.
489 4018 545 4068 tot.
563 4014 667 4068 Notat.
687 4044 720 4054 -
739 4013 820 4078 Quod
837 4013 916 4068 sitta
933 4018 1015 4076 esset,
1032 4019 1179 4072 certenon
1196 4016 1270 4072 foret

148 4104 312 4166 mirandum,
335 4105 409 4173 quod
427 4107 543 4161 eundem
561 4107 649 4162 virum
667 4106 778 4161 doctum
797 4112 833 4174 (p.
851 4109 911 4173 298)
929 4105 1062 4177 offendit,
1074 4107 1194 4179 rafigis
1207 4109 1270 4167 Mo·

149 4197 275 4252 nerchiee
292 4197 319 4250 in
337 4198 438 4266 vulgus
455 4201 578 4267 prolatae
595 4201 641 4255 vix
658 4203 722 4254 ante
740 4204 853 4255 mortem
870 4198 990 4257 euemd!
1275 4196 1280 4205 ’
