2940 4808
246 296 306 355 114
541 299 674 354 cannis
694 299 909 356 MONARCHIA
929 302 975 355 llI.
994 302 1022 357 C.
1041 308 1065 357 9.

331 469 424 551 Quod
438 477 545 537 autem
560 472 723 557 responsio
739 493 803 538 non
824 473 936 539 fuisset
951 473 994 538 ad
1015 475 1220 542 intentionem
1237 475 1368 560 Christi,

244 595 308 641 non
331 574 390 640 erit
411 573 672 656 immanifestum,
700 574 727 639 si
749 575 986 641 considerentur
1008 578 1107 641 uerba
1127 576 1368 661 praecedentia,

196 695 226 744 15
246 682 278 742 et
301 695 398 742 causa
413 675 589 741 verbomm.
627 677 761 760 Propter
776 676 862 758 quod
876 677 1048 760 sciendum,
1066 677 1152 758 quod
1167 676 1229 740 hoc
1247 673 1368 739 dictum

244 778 302 844 fuit
324 777 357 842 in
379 776 430 842 die
454 796 585 859 coenae,
616 776 700 841 unde
722 776 825 843 Lucas
854 778 966 862 incipit
988 778 1133 862 superius
1156 776 1215 842 sic:
1250 776 1370 858 „Venit

245 885 352 945 autem
374 879 443 944 dies
465 899 663 962 azymorum,
692 880 726 943 in
749 899 810 961 quo
833 900 963 947 necesse
987 884 1055 946 erat
1077 878 1180 945 occidi
1202 876 1367 960 Pascha“;

243 984 277 1048 in
306 1003 368 1065 qua
397 980 525 1063 quidem
557 1001 655 1046 coena
684 982 911 1064 praeloquutus
944 983 1048 1048 iuerat
1076 980 1219 1046 Christus
1249 980 1290 1045 de
1320 980 1367 1043 in-

244 1089 376 1166 gruente
398 1083 563 1168 passione,
593 1082 625 1146 in
656 1102 719 1164 qua
741 1085 909 1165 oportebat
934 1084 1040 1166 ipsum
1062 1082 1204 1168 separari
1228 1103 1248 1146 a
1271 1082 1367 1151 disci:

195 1205 227 1254 20
245 1186 329 1271 pulis
345 1185 419 1250 suis.
456 1186 536 1249 Item
552 1184 722 1267 sciendum,
747 1183 832 1265 quod
846 1185 902 1250 ubi
923 1186 986 1250 ista
1000 1186 1099 1251 verba
1119 1184 1369 1266 intervenemnt,

245 1293 337 1376 erant
349 1287 442 1350 simul
458 1305 567 1351 omnes
583 1284 750 1351 duodecim
766 1285 927 1372 discipuli,
952 1287 1034 1353 unde
1049 1306 1161 1370 parum
1176 1290 1250 1368 post
1265 1285 1370 1351 verba

244 1388 421 1471 praemissa
443 1386 519 1452 dicit
541 1389 659 1452 Lucas:
681 1388 743 1471 „Et
760 1408 855 1468 quum
877 1389 962 1453 iacta
984 1394 1069 1454 esset
1083 1387 1170 1470 hora,
1195 1387 1366 1470 discubuit,

245 1494 277 1554 et
299 1487 467 1554 duodecim
483 1489 631 1571 Apostoli
654 1511 723 1554 curn
747 1489 816 1555 eo.“
853 1490 895 1554 Et
916 1512 957 1557 ex
972 1491 1045 1555 hinc
1060 1489 1243 1555 continuato
1267 1490 1364 1555 collo-

246 1591 320 1672 quio
344 1589 431 1656 venit
453 1589 494 1653 ad
518 1591 612 1656 haec:
642 1591 796 1674 „Quando
819 1591 890 1656 misi
913 1611 970 1658 vos
993 1593 1060 1674 sine
1083 1591 1208 1656 sacculo
1233 1596 1265 1657 et
1288 1611 1368 1675 pera

195 1712 226 1764 25
246 1698 278 1758 et
300 1691 538 1774 calceamentis,
561 1692 713 1773 numquid
734 1692 857 1775 aliquid
880 1693 980 1759 detuit
1001 1693 1115 1759 uobis?
1138 1692 1181 1756 At
1202 1692 1250 1756 illi
1275 1691 1366 1757 dixe-

245 1800 332 1859 runt:
355 1793 453 1857 Nihil.
498 1792 589 1856 Dixit
612 1811 686 1875 ergo
710 1795 771 1861 eis:
796 1792 860 1861 Sed
882 1815 979 1877 nunc,
1003 1795 1056 1877 qui
1079 1794 1177 1860 habet
1193 1795 1366 1875 sacculum,

245 1895 347 1978 tollat,
372 1894 516 1960 similiter
539 1900 570 1960 et
592 1915 715 1979 peram,
740 1896 844 1978 etqui
866 1897 1050 1978 nonhabet,
1074 1896 1193 1961 vendat
1214 1895 1366 1978 tunicam,

246 2003 277 2062 et
300 2003 385 2062 emat
407 1994 580 2078 gladium.“
616 1997 652 2060 ln
668 2017 730 2078 quo
753 1999 831 2063 satis
853 2004 962 2081 aperte
984 1997 1115 2063 intentio
1132 1997 1249 2062 Christi
1264 1998 1365 2061 mani-

244 2097 390 2183 festatur,
414 2097 584 2164 nonenim
607 2096 702 2164 dixit:
724 2099 861 2183 Emotis,
885 2101 937 2166 uel
959 2099 1106 2164 habeatis
1125 2098 1203 2164 duos
1226 2095 1365 2180 gladios,

193 2205 225 2256 30
243 2201 308 2266 irno
333 2200 518 2284 iltuodecim,
548 2192 644 2281 quum
666 2199 709 2263 ad
732 2200 899 2267 duodecim
922 2200 1095 2285 discipulos
1118 2200 1251 2266 diceret:
1281 2200 1366 2283 „Qui

243 2320 307 2367 non
330 2301 443 2383 habet,
467 2301 582 2393 emat“,
605 2308 640 2367 ut
662 2303 795 2385 quilibet
816 2302 949 2368 haberet
970 2323 1075 2369 unum.
1119 2302 1161 2366 Et
1183 2302 1245 2367 hoc
1267 2301 1366 2368 etiam

272 2520 293 2551 ¹³
312 2517 377 2572 Cum
397 2517 472 2572 codd.
491 2519 523 2570 A.
542 2518 574 2571 Η.
588 2519 626 2571 M.
640 2518 671 2572 V.
692 2520 777 2588 scrip-

312 2604 393 2657 simus
422 2603 500 2667 Qnod
522 2608 611 2656 irritem
638 2605 776 2674 responsio

312 2719 343 2727 -
362 2688 390 2740 P.
416 2688 495 2741 etiam
519 2688 563 2741 hic
587 2688 666 2753 Quod
688 2697 776 2742 autern

310 2774 380 2825 ratio
400 2802 432 2810 -
450 2771 482 2825 V.
501 2780 614 2840 utroque
635 2773 695 2827 loco
714 2773 777 2826 olim

310 2856 380 2910 idem
399 2857 526 2911 habuisse
543 2857 653 2911 videtur.
683 2889 716 2896 -
743 2858 774 2910 L.

310 2945 337 2995 et
361 2940 434 2995 editt.
453 2941 531 3007 Quod
552 2948 642 2996 certent
665 2959 776 3013 respon-

309 3025 449 3079 snnr-F.
460 3025 539 3091 Quod
556 3034 644 3080 cutem
660 3028 776 3082 intencio

326 3111 358 3162 H.
378 3111 415 3163 od
432 3113 663 3182 interemptionem
684 3110 742 3167 Cirr.

271 3195 291 3228 ¹²
308 3195 342 3247 H.
363 3198 391 3247 et
408 3194 440 3248 V.
465 3212 513 3264 pro
538 3213 590 3250 non
616 3199 667 3250 erit
685 3199 776 3250 immo-

309 3280 439 3348 nisestnnt
473 3281 574 3335 habent
608 3283 660 3334 erit
691 3283 776 3335 marii-

307 3363 409 3434 festum

270 3449 290 3481 ¹⁸
307 3449 341 3501 Η.
359 3448 396 3501 Μ.
422 3450 449 3501 in
475 3465 530 3518 qne
560 3451 667 3519 qriiriern
695 3467 775 3520 proe-

309 3533 438 3602 inpertitus

325 3619 358 3670 A.
380 3617 408 3668 F.
428 3618 462 3670 H.
481 3618 512 3670 L.
530 3618 559 3672 P.
577 3618 634 3687 frid
653 3616 774 3672 Christus

267 3705 289 3736 ²⁰
307 3705 339 3756 Α.
359 3703 396 3756 M.
415 3703 552 3757 sciendum
571 3703 703 3772 estquod

325 3788 353 3840 F.
372 3787 446 3857 quood
463 3789 515 3842 ista
533 3789 614 3842 uerbo

266 3872 289 3903 ²²
306 3870 336 3923 P.
351 3877 418 3940 post
435 3873 514 3926 cerba
527 3873 655 3944 predicto

324 3955 356 4007 H.
375 3955 440 4009 dicit
457 3957 622 4028 euonpelr'sto
640 3956 729 4011 Lucos

855 2522 885 2584 ²²,
905 2521 928 2553 ²³
945 2520 975 2572 P.
1004 2521 1146 2574 discumbit
1169 2526 1195 2573 et
1222 2521 1366 2575 octodecim

897 2604 1027 2675 discipali
1043 2619 1103 2657 euni
1121 2620 1153 2657 eo

856 2687 879 2721 ²³
897 2689 930 2741 H.
949 2688 982 2741 V.
1008 2695 1034 2742 et
1058 2689 1131 2742 editt.
1152 2687 1199 2742 Ere
1217 2688 1280 2742 ltine
1299 2707 1364 2744 eon·

897 2776 1001 2827 tinnulo
1019 2801 1051 2810 —·
1064 2771 1206 2840 Sequimur
1229 2774 1262 2826 A.
1281 2774 1313 2830 F.
1329 2775 1363 2828 L.

895 2858 932 2911 Μ.
951 2858 980 2911 Ρ.

911 2944 944 2994 A.
959 2941 1000 3013 ‘Et
1025 2958 1062 2995 erc
1085 2939 1148 2995 binc
1166 2949 1236 2994 cont.
1254 2942 1366 3012 eloquio

854 3027 926 3080 ²²P.
945 3026 1027 3080 H.L.
1046 3025 1132 3079 M.V.
1152 3025 1348 3082 certitudine

911 3111 943 3164 F.
963 3110 1095 3176 Qnorriam
1113 3113 1176 3164 ntisr'
1192 3127 1239 3165 vos

853 3198 876 3230 ²⁶
892 3196 925 3249 L.
943 3197 1082 3264 nitrrrqniei,
1101 3196 1196 3264 inquit,
1215 3195 1308 3264 defuit
1329 3227 1367 3236 -

893 3281 924 3335 P.
943 3286 973 3333 ut
990 3279 1064 3350 quid,
1083 3281 1179 3349 inquit,
1198 3279 1291 3350 descrit

911 3365 942 3417 P.
963 3365 1002 3419 Ae
1020 3364 1062 3417 iili
1077 3363 1137 3417 din.

853 3452 876 3483 ²⁷
893 3450 926 3502 F.
952 3449 1049 3502 vertici
1076 3450 1194 3502 tunicum
1220 3464 1299 3502 sunm
1321 3454 1366 3514 (ut

892 3536 920 3589 in
938 3539 1014 3588 textu
1032 3537 1121 3598 sacro)

851 3619 874 3652 ²²
891 3618 923 3672 F.
943 3635 998 3672 non
1016 3618 1089 3673 dixit
1107 3617 1212 3672 Emotis

854 3706 876 3738 ³⁰
894 3706 925 3756 A.
946 3708 972 3758 et
983 3702 1057 3758 editt.
1076 3702 1114 3756 od
1130 3701 1271 3758 ditodeeim
1282 3705 1364 3760 disci-

888 3789 972 3860 pulos
990 3788 1146 3856 loqueretur
1156 3818 1188 3826 -
1198 3788 1265 3843 Cum
1281 3788 1314 3843 F.
1327 3789 1363 3843 H.

893 3872 1362 3940 L.M.P.V.reposuismnsdr'eeret.

852 3958 873 3990 ³¹
892 3957 923 4010 F.
942 3956 979 4010 m
996 3956 1047 4012 boc
1064 3957 1169 4011 dicebat

312 4143 332 4171 '⁰
350 4140 457 4195 Eurus.
476 4143 572 4196 Lucan
591 4159 649 4211 cap.
670 4144 714 4197 cit.
733 4159 801 4197 vers.
822 4148 846 4198 t.
924 4145 947 4176 ²²
964 4143 1030 4197 lbid.
1050 4159 1117 4198 vers.
1138 4149 1176 4196 14.
1248 4145 1271 4176 ²‘
1290 4145 1360 4198 lbid.

239 4223 306 4261 vers.
327 4213 367 4263 35.
387 4214 426 4263 36.
