2940 4808
204 307 244 368 92
493 312 633 368 DANTIS
651 313 870 369 moNAnufflA
887 315 935 372 IIL
955 315 983 370 Ο.
1003 321 1027 371 3.

202 484 304 550 lorum
325 484 466 568 ignorat,
494 505 558 551 non
584 490 690 552 tamen
719 484 759 550 de
779 485 837 552 illo
866 487 1003 568 litigium
1025 488 1115 572 iacit,
1142 488 1322 575 Aegyptius

202 605 278 652 vero
310 583 499 671 Scytharum
527 586 729 670 civilitatem,
762 608 826 654 non
856 592 988 673 propter
1017 590 1077 655 hoc
1111 588 1164 657 de.
1181 590 1324 676 ipsorum

154 686 357 755 incivilitate
380 686 550 753 contendit.

287 789 391 873 Hujus
415 787 542 870 quidem
565 789 718 854 tertiae
741 790 935 871 quaestionis
950 791 1067 857 volitas
1086 797 1209 857 tantum
1225 794 1322 860 habet

201 891 355 975 litigium,
394 895 429 954 ut
464 889 729 971 quemadmodum
764 891 797 956 in
825 892 898 957 aliis
928 893 1107 976 ignorantia
1139 895 1223 960 solet
1251 915 1322 963 esse

203 1013 299 1058 causa
327 992 436 1075 litigii,
466 993 512 1058 sio
540 992 592 1057 hic
620 992 757 1073 litigium
785 1014 881 1059 causa
908 994 1107 1077 ignorantiae
1136 995 1177 1060 sit
1209 998 1321 1079 magis.

201 1095 391 1162 Hominibus
419 1114 571 1178 namque,
607 1094 738 1161 rationis
764 1096 912 1161 intuitum
941 1096 1104 1163 voluntate
1132 1100 1322 1184 praevolan-

154 1216 184 1266 15
202 1196 302 1279 tibus,
326 1197 387 1262 hoc
409 1216 534 1280 semper
557 1196 724 1278 contingit:
746 1203 782 1262 ut
802 1199 887 1265 male
909 1198 1025 1281 affecti,
1048 1199 1168 1265 lumine
1189 1201 1323 1268 rationis

200 1298 394 1383 postposito,
417 1297 533 1364 affectu
548 1299 640 1379 quasi
655 1299 741 1366 caeci
759 1299 942 1384 trahantur,
965 1307 998 1367 00
1012 1301 1217 1385 pertinaciter
1231 1320 1322 1368 suam

201 1400 359 1482 denegent
393 1399 587 1465 caecitatem.
637 1399 731 1467 Unde
760 1399 796 1465 lit
823 1422 993 1486 persaepe,
1024 1402 1109 1484 quod
1130 1422 1194 1469 non
1216 1404 1321 1470 solum

199 1502 324 1569 falsitas
352 1501 576 1585 patrimonium
604 1502 737 1586 habeat,
767 1502 826 1570 sed
853 1510 888 1568 ut
909 1504 1067 1586 plerique,
1098 1503 1138 1570 de
1170 1504 1239 1570 suis
1260 1511 1321 1571 ter-

161 1655 163 1658 ,
200 1605 293 1670 minis
322 1600 540 1686 egredientes,
573 1623 631 1686 per
659 1604 765 1669 aliena
793 1611 897 1671 eastra
926 1605 1116 1688 discurrant,
1152 1606 1207 1670 ubi
1238 1607 1320 1672 nihil

149 1705 415 1787 inintelligentes
436 1705 513 1789 ipsi,
536 1706 615 1771 nihil
637 1706 871 1790 intelliguntur;
902 1712 933 1773 et
960 1707 1006 1771 sic
1027 1712 1202 1789 provocant
1225 1727 1319 1789 quos-

199 1807 274 1873 dam
289 1806 332 1872 ad
346 1808 436 1890 iram,
460 1806 616 1888 quosdam
632 1806 674 1871 ad
690 1806 956 1891 dedignationem,
972 1809 1140 1874 nonnullos
1155 1807 1198 1872 ad
1209 1808 1319 1876 risum.

283 1911 382 1992 Igitur
414 1913 523 1975 contra
550 1909 732 1991 veritatem,
767 1929 849 1991 quae
873 1909 1047 1992 quaeritur,
1083 1908 1162 1973 tria
1191 1909 1319 1976 homi-

197 1997 289 2078 num¹
306 2031 455 2095 genera
476 2010 615 2077 maxime
637 2011 854 2077 colluctantur.

241 2199 251 2230 ⁸
268 2198 300 2250 F.
319 2196 352 2250 de
369 2213 400 2250 ec
419 2195 485 2266 titip.

240 2283 345 2347 ⁹cero,
387 2279 458 2348 quod
498 2280 599 2333 hahent
640 2295 731 2334 omnes

264 2373 371 2436 praeter
387 2365 429 2432 V,
448 2365 575 2419 omittunt
592 2363 661 2418 Edd.

281 2451 320 2506 M.
339 2450 500 2505 celeritatem
518 2446 610 2519 Scptb.

281 2538 399 2607 ipercrat,
417 2533 558 2603 quodpost
575 2533 729 2588 civilitatem

266 2637 326 2676 cum
349 2621 382 2674 V.
406 2619 530 2673 inserunt
557 2618 648 2683 editt,
675 2635 729 2673 non

262 2707 364 2760 hahent
381 2703 484 2773 reliqui.
519 2703 572 2757 Pro
590 2719 646 2757 000
658 2720 729 2774 pro-

258 2799 325 2863 pter
341 2789 392 2845 boc
409 2789 447 2845 M.
465 2804 520 2843 nort
539 2795 627 2842 tamen

295 2875 365 2930 Edd.
382 2875 497 2946 litipiam
513 2873 728 2943 facitdeeoram

263 2961 398 3016 civilitate.
445 2959 518 3027 Quae
542 2957 677 3024 dedimus,
700 2958 728 3012 in

263 3045 385 3100 omnibus
408 3043 484 3098 libris
502 3059 583 3098 manu
609 3043 727 3098 exaratis

261 3130 402 3198 leguntur,
435 3132 621 3197 praeterquam
657 3127 728 3196 quod

260 3213 298 3266 M.
329 3212 408 3266 etiam
437 3212 481 3266 hic
516 3228 565 3281 pro
601 3213 728 3268 civilitate

263 3296 412 3354 substituat
429 3296 574 3352 celeritate.

222 3384 243 3418 ¹³
260 3385 300 3439 sic
318 3382 362 3436 bic
381 3381 496 3452 titipinm
514 3396 563 3449 pro
582 3383 623 3436 sic
639 3387 667 3435 et
683 3380 727 3436 bic

262 3469 299 3522 lit.
318 3466 474 3536 scripsimus
493 3480 554 3519 cum
572 3481 625 3518 uno
643 3464 681 3519 M.

222 3553 243 3587 ¹³
261 3552 434 3623 ignorantiae
451 3552 494 3604 sit.
522 3548 727 3622 10000000οῖ-

259 3637 338 3692 nibas
371 3634 512 3690 ediderunt
538 3651 636 3690 omnes.
671 3636 724 3691 Pro

259 3721 371 3793 Mapnis
404 3721 437 3773 A.
465 3719 495 3773 F.
522 3720 560 3773 M.
597 3720 724 3775 exhibent

259 3808 363 3876 asapia,
388 3805 484 3874 quibus
509 3805 613 3859 accedit
630 3811 724 3859 aucto·

258 3892 325 3945 ritas
334 3890 422 3945 Ficini
431 3891 490 3960 (pai
497 3891 539 3944 cia
556 3892 727 3961 0000100-

258 3983 366 4031 mente
384 3976 411 4029 ta
429 3975 475 4029 tite
492 3978 606 4046 capione
624 3977 726 4047 dipac-

257 4076 355 4114 00000.
397 4059 556 4130 imperasti
581 4061 641 4133 apli
673 4077 725 4115 00-

257 4146 342 4209 mini).
385 4145 442 4200 Hos
470 4146 576 4214 sequuti
599 4151 724 4215 transpo-

259 4230 360 4284 suimus
375 4231 598 4299 interpunctionis
612 4229 723 4298 signum.

812 2196 833 2227 ¹⁴
851 2196 883 2247 A.
907 2195 939 2248 F.
964 2194 994 2248 P.
1022 2194 1205 2263 editionesque
1228 2195 1320 2250 Frati-

852 2280 920 2334 cellii
944 2279 1075 2334 secundas
1102 2295 1181 2335 curas
1205 2297 1319 2350 praece·

850 2365 942 2419 dentes
952 2366 1051 2418 intuita
1063 2365 1225 2420 aclrmtatem
1234 2383 1319 2438 prae·

849 2449 947 2504 volarit.
968 2479 997 2488 —
1016 2449 1054 2503 M
1073 2451 1198 2504 intritam
1224 2453 1319 2506 cotan·

848 2539 928 2588 tatem
946 2534 1124 2604 praemicent
1151 2563 1184 2574 -
1208 2535 1318 2604 Reliqui

849 2619 990 2673 nobiscum
1006 2617 1118 2672 faciunt.

809 2704 830 2736 ¹⁵
846 2702 915 2757 Edd.
948 2720 1008 2757 cum
1032 2703 1065 2756 A.
1092 2703 1129 2756 M.
1157 2702 1208 2758 boc
1234 2720 1319 2778 saepe
1376 2709 1379 2713 ’

848 2789 981 2858 continpit
997 2819 1031 2826 —
1046 2787 1195 2843 Nobiscum
1212 2789 1318 2845 faciunt

848 2872 879 2925 F.
890 2872 923 2925 H.
934 2872 965 2925 L.
976 2871 1006 2924 P.
1018 2871 1051 2926 V.
1071 2877 1097 2926 et
1115 2873 1201 2927 versio
1212 2873 1315 2940 Ficini3

848 2956 934 3011 Felin.
951 2962 1042 3011 tamen
1057 2956 1131 3010 addit
1148 2957 1233 3012 alias:
1252 2975 1317 3014 cca·

846 3042 918 3095 venit

808 3125 829 3158 ¹⁶
846 3126 881 3179 V.
899 3133 925 3180 et
936 3127 1107 3197 pertinacem
1125 3142 1203 3182 snam

807 3210 829 3242 ¹⁸
845 3210 878 3264 L.
896 3228 951 3265 non
968 3211 1055 3265 solam
1071 3211 1194 3280 felicitas

863 3294 902 3349 M.
916 3294 1217 3367 patrociniamltabeat,
1233 3311 1315 3373 quarn

846 3379 988 3435 lectionem
1001 3380 1127 3449 princeps
1146 3380 1227 3433 etiam
1240 3380 1314 3450 Opo-

845 3464 898 3518 rini
915 3465 996 3519 editio
1015 3463 1094 3518 affert
1115 3465 1143 3519 in
1161 3465 1289 3535 margine.

861 3549 932 3603 Edd.
944 3550 992 3604 sect
1003 3549 1140 3620 plerique,
1157 3551 1188 3603 00
1205 3549 1240 3605 de
1256 3553 1315 3607 saa

804 3633 826 3667 ¹⁹
843 3634 876 3687 V.
895 3634 929 3689 de
945 3636 1002 3689 sais
1019 3637 1100 3689 tamn
1116 3634 1208 3704 epred.

843 3719 876 3773 A.
895 3719 928 3774 F.
946 3725 977 3772 at
993 3717 1062 3773 nibil
1078 3711 1259 3789 intelligentes

804 3803 829 3836 2⁰
845 3803 877 3858 F.
896 3805 927 3858 P.
941 3803 973 3856 V.
992 3805 1053 3875 ipsi,
1071 3801 1141 3856 nibil
1156 3803 1315 3876 intelligant

804 3889 827 3921 ²¹
845 3888 879 3943 Η.
897 3889 1020 3944 adirem
1038 3887 1119 3942 etad
1317 3885 1321 3892 ’

862 3975 895 4027 A.
913 3974 945 4027 F.
968 3980 995 4028 et
1013 3974 1071 4028 edd.
1096 3971 1313 4044 indignationem

861 4057 895 4111 H.
913 4057 1058 4113 norrnnllos
1081 4075 1143 4112 vero
1168 4057 1207 4111 ad
1224 4059 1313 4114 risam

803 4144 827 4176 ²²
844 4143 876 4197 F.
896 4145 1049 4209 ceritatem,
1067 4159 1137 4213 qaae
1154 4142 1257 4198 dicitur
1344 4154 1347 4159 ’
