2940 4808
409 322 544 378 DANTIS
561 321 782 378 MONAROHIA
798 321 833 376 11.
851 321 881 377 O.
902 326 941 375 ll.
960 325 1022 389 (10.)
1235 318 1274 379 7'7

151 495 392 579 germinassent,
414 496 576 562 Romanus
597 494 749 562 videlicet
769 495 916 579 populus,
939 500 972 561 et
993 495 1146 581 Albanus,
1176 504 1274 580 atque

153 597 194 666 de
224 597 315 679 signo
346 598 489 683 aquilae,
513 598 617 680 deque
639 597 810 682 penatibus
841 595 902 661 diis
924 595 1149 683 Trojanorum,
1178 605 1274 681 atque

152 700 312 784 dignitate
342 699 542 785 principandi
575 701 670 783 longo
703 704 847 784 tempore
879 698 960 764 inter
995 717 1029 765 se
1062 697 1274 785 disceptatum

152 807 255 888 esset3
284 802 328 867 ad
350 803 510 885 ultimum,
541 800 582 868 de
612 800 769 868 communi
797 800 935 865 adsensu
963 801 1115 885 partium,
1144 809 1276 888 propter

151 894 337 969 instantiam
360 902 627 986 cognoscendam,
655 922 713 987 per
742 906 807 968 tres
836 902 1029 968 Horatios
1057 903 1170 971 fratres
1192 906 1273 990 hinc,
1293 910 1326 962 20

152 1009 186 1068 et
207 1024 264 1087 per
285 1003 420 1071 totidem
443 1004 651 1071 Curiatios
673 1004 787 1071 fratres
808 1003 894 1087 inde,
916 1004 950 1068 in
972 1011 1143 1090 conspectu
1164 1025 1276 1090 regum

152 1103 186 1170 ct
214 1107 404 1190 populorum
433 1107 621 1173 altrinsecus
650 1105 887 1190 expectantium
910 1104 1107 1174 decertatum
1129 1114 1192 1192 est;
1219 1109 1276 1174 ubi

152 1206 256 1273 tribus
283 1208 446 1293 pugilibus
474 1209 670 1274 Albanorum
698 1207 865 1292 peremtis,
899 1209 1112 1276 Romanorum
1141 1210 1274 1295 duobus,

152 1309 263 1391 palma
292 1309 445 1376 victoriae
473 1310 531 1376 sub
560 1308 698 1375 Hostilio
727 1326 802 1390 rege
829 1310 925 1376 cessit
945 1311 1107 1379 Romanis.
1151 1311 1193 1375 Et
1214 1312 1275 1379 hoc

153 1408 324 1494 diligenter
352 1412 492 1478 Livius
521 1410 555 1475 in
582 1411 686 1494 prima
713 1414 805 1494 parte
835 1413 989 1498 contexit,
1023 1413 1073 1479 cui
1106 1411 1274 1480 Orosius
1292 1415 1325 1470 25

153 1510 252 1576 etiam
274 1516 476 1580 contestatur.

238 1612 364 1681 Deinde
386 1634 458 1679 cum
471 1612 622 1698 finitimis,
645 1614 731 1681 omni
748 1614 821 1698 jure
840 1615 918 1680 belli
933 1620 1070 1700 servato,
1094 1634 1165 1681 cum
1182 1616 1272 1683 Sabi-

152 1714 213 1798 nis,
237 1734 307 1780 cum
330 1714 537 1800 Samnitibus,
558 1716 634 1782 licet
655 1716 688 1780 in
709 1716 913 1785 multitudine
935 1715 1191 1804 disceptantium,
1215 1719 1273 1784 sub

156 1815 258 1882 forma
285 1822 393 1882 tamen
415 1815 532 1901 duelli,
556 1816 595 1883 de
617 1817 754 1902 Imperio
778 1818 975 1884 decertatum
996 1819 1110 1903 fuisse,
1133 1820 1275 1886 Livius

154 1907 277 1983 namot:
299 1918 333 1982 in
355 1937 417 2000 quo
433 1916 562 2000 quidem
576 1917 671 1986 modo
695 1917 878 1987 decertandi
894 1940 964 1987 oum
981 1920 1185 2006 Samnitibus,
1208 1921 1274 1988 fere
1293 1928 1325 1979 30

153 2019 328 2085 Fortunam
352 2015 400 2104 (ut
422 2017 539 2104 dicam)
563 2020 702 2104 incoepti
729 2023 894 2105 poenituit.
938 2021 980 2086 ut
1008 2022 1069 2089 hoc
1090 2022 1274 2088 Lucanus

152 2120 187 2184 in
210 2120 350 2189 secundo
372 2120 415 2186 ad
437 2123 619 2205 exemplum
641 2121 764 2187 reducit
785 2122 845 2187 sic:

184 2393 205 2426 22
222 2391 292 2446 Edd.
311 2389 452 2446 Romarm
475 2389 578 2445 scilicet

235 2475 359 2548 populus
376 2475 455 2529 abest
472 2491 489 2529 a
505 2475 536 2528 F.
556 2476 590 2529 H.
604 2475 687 2531 MV.

183 2580 204 2614 ¹⁷
222 2579 256 2634 A.
273 2577 306 2632 F.
324 2578 358 2632 H.
377 2577 409 2630 L.
431 2577 469 2631 M.
487 2577 520 2632 V.
540 2578 690 2650 penatibus

222 2664 286 2718 altu
315 2692 346 2701 —
379 2662 436 2716 Fic.
463 2662 538 2733 deqlr'
562 2662 615 2717 Der'
641 2663 688 2732 fu·

221 2748 324 2803 miliari

182 2851 204 2883 22
221 2850 354 2920 diqnitatc
371 2843 449 2904 abest
468 2864 485 2902 a
502 2849 534 2906 F.

182 2956 203 2988 22
220 2953 253 3006 A.
271 2952 305 3004 H.
323 2952 355 3005 L.
365 2951 403 3005 M.
415 2982 446 2991 —
457 2950 490 3003 V.
510 2951 547 3004 cd
563 2950 688 3005 ultimum

219 3037 358 3093 communi
377 3035 435 3090 ads.
462 3065 495 3075 —
521 3035 554 3091 F.
580 3035 618 3089 ad
639 3035 686 3088 ul.

221 3137 282 3176 rum
298 3135 372 3175 cons.

181 3223 205 3256 22
222 3222 254 3276 F.
263 3222 295 3276 V.
300 3226 420 3294 propter
422 3222 561 3292 justitiam
570 3238 688 3292 coqu.—

156 3351 158 3355 .
222 3307 308 3362 Ficiu.
318 3323 370 3380 per
381 3321 526 3361 conoscere
544 3306 687 3360 linstarrzc

238 3391 315 3457 tior,
342 3390 414 3460 quod
454 3390 556 3445 habent
587 3407 687 3457 omnes,

221 3476 348 3531 omittunt
383 3475 442 3530 edd
483 3505 518 3514 -
549 3475 688 3543 Integrum

221 3560 312 3615 locum
329 3561 369 3616 ita
385 3560 452 3615 mire
470 3559 617 3628 corrumpit
634 3559 685 3613 M.:

215 3661 271 3717 per
292 3650 346 3700 tres
357 3645 486 3701 Oratores
495 3642 612 3714 Porrqes
625 3642 688 3699 linc

221 3733 248 3784 ct
267 3745 324 3801 per
347 3730 457 3786 totidem
475 3728 614 3800 :trojanos

182 3832 207 3864 ²¹
227 3830 349 3886 Oroatior
371 3837 420 3900 pro
448 3829 584 3886 Curiatios
612 3829 687 3898 exhi-

221 3915 288 3971 bent
304 3915 335 3969 F.
353 3915 386 3969 H.
405 3915 448 3982 V.,
466 3915 568 3972 socium
589 3914 687 3969 erroris

223 4171 247 4202 ²⁵
263 4169 363 4223 Lrvrus
381 4169 402 4221 I.
420 4173 461 4230 24,
480 4174 519 4224 25.

152 4237 202 4294 sal.
222 4237 257 4291 II.
278 4242 335 4292 135.

808 2390 940 2446 habentes
975 2391 1101 2447 Incorurr
1134 2393 1275 2450 Lanarum

808 2474 869 2529 Div.
897 2476 1056 2531 comoediae
1082 2484 1274 2535 commentato·

808 2577 864 2614 rem
882 2560 927 2625 (ad
944 2561 1041 2615 Parad.
1059 2562 1103 2614 VI.
1123 2568 1175 2630 39.)

825 2644 888 2698 indo
905 2644 1032 2700 omittunt
1049 2645 1086 2699 M.
1106 2645 1138 2699 V.

766 2746 790 2778 ²²
807 2746 888 2800 alteri
903 2763 980 2801 serus
997 2747 1098 2801 habent
1116 2747 1193 2803 codd

766 2847 790 2879 ²⁴
806 2847 840 2899 H.
861 2847 981 2902 Hostilio
1005 2865 1070 2919 repe
1088 2854 1152 2902 tunc
1169 2849 1274 2905 Romo-

805 2948 903 2986 rrorum
921 2934 1000 2987 cessit

764 3033 786 3066 ²⁵
803 3034 835 3085 A.
853 3033 887 3086 H.
906 3033 938 3086 L.
957 3034 990 3087 V.
1009 3035 1090 3106 cujus
1110 3035 1223 3092 Orosius
1298 3070 1300 3075 ·

765 3134 797 3199 ²⁷,
812 3135 836 3167 22
852 3134 999 3201 Fraticell,
1016 3153 1087 3192 unus
1106 3139 1231 3206 omnium,
1249 3143 1276 3193 ct

806 3236 867 3274 com
885 3219 947 3275 Sao.
967 3226 994 3274 et
1010 3237 1071 3276 cum
1089 3220 1182 3276 Samo.

766 3322 790 3354 22
806 3321 849 3386 Η,
868 3320 912 3376 lio
929 3322 958 3376 irc
975 3323 1111 3378 multitud.
1132 3354 1167 3365 -
1189 3325 1222 3380 A.
1240 3325 1272 3378 F.

807 3405 1274 3464 memm—Mm

808 3508 862 3545 oon
880 3491 955 3546 molt.

824 3575 857 3632 F.
875 3576 909 3629 H.
928 3576 959 3629 L.
978 3577 1016 3630 M.
1035 3577 1273 3634 decertantium—

807 3661 841 3715 V.
859 3660 1060 3717 dctemtorrtr'om

766 3762 790 3795 22
807 3762 837 3816 F.
860 3762 894 3815 Η.
918 3763 950 3817 L.
968 3764 1000 3816 V.
1030 3766 1058 3818 et
1082 3762 1141 3817 edd.
1166 3769 1273 3833 praeter

805 3847 908 3904 Fratio.
925 3847 959 3901 dc
975 3846 1046 3919 Imp.
1063 3847 1199 3903 decretum

765 3950 788 3982 ³²
805 3949 874 4003 Edd.
892 3951 932 4003 sic
948 3948 1055 4034 reducat

591 4169 711 4224 Onosrus
728 4169 828 4225 Histor.
846 4169 880 4222 ΙΙ.
900 4174 923 4222 4.
996 4170 1018 4202 22
1037 4169 1167 4226 Luonnus
1186 4170 1272 4226 Phar-
