2940 4808
458 314 593 371 DANTIS
611 315 831 372 MONARGHIA
847 317 882 373 11.
901 333 925 373 c.
947 322 968 372 l.
1231 318 1271 380 39

152 485 301 552 rectionis
327 484 488 551 effundere
516 485 651 572 mavult)
681 487 724 553 ad
752 488 996 574 dirumpendum
1026 485 1154 557 vincula
1183 491 1271 576 igno-

152 586 275 654 rantiae
298 589 421 670 Regum
443 592 539 670 atque
554 588 735 673 Principum
757 589 878 675 talium,
902 591 945 656 ad
965 591 1196 659 ostendendum
1217 613 1271 676 ge-

152 708 212 755 nus
227 690 399 755 humanum
412 689 548 755 liberum
564 711 584 754 a
601 690 681 774 jugo
703 691 853 776 ipsorum,
878 712 948 758 eum
963 694 1125 778 Propheta
1138 695 1269 762 sanctis·
1289 699 1323 750 3⁰

152 791 233 858 simo
262 811 365 858 meme
393 791 639 873 subsequentem
667 792 833 878 hortabor,
861 794 1087 876 subsequentia
1117 797 1271 863 subadsu-

153 911 257 958 mens:
279 891 557 979 „Dirumpamus,“
579 891 738 976 videlicet,
762 894 911 978 „vincula
928 915 1046 981 eorum,
1070 903 1102 964 et
1122 898 1270 983 projicia-

153 1013 223 1058 mus
247 993 379 1060 anobis
398 995 511 1079 jugum
533 993 706 1079 ipsorum.“

238 1095 328 1161 Haec
351 1094 499 1178 equidem
528 1094 590 1162 duo
619 1095 696 1162 fient
724 1095 930 1181 sufficienter,
957 1097 985 1163 si
1007 1098 1178 1165 secundam
1199 1120 1270 1183 par-

152 1201 217 1263 tem
240 1197 417 1281 praesentis
439 1197 594 1282 propositi
608 1204 820 1281 prosequutus
842 1199 940 1284 fuero,
963 1207 994 1267 et
1016 1199 1162 1265 instantis
1177 1219 1272 1282 quae·
1292 1209 1323 1264 35

153 1298 265 1366 stionis
288 1299 455 1366 veritatem
478 1297 654 1366 ostendero.
699 1300 783 1365 Nam
805 1321 862 1385 per
883 1301 960 1386 hoc,
990 1301 1076 1383 quod
1096 1301 1285 1367 Romanurn

151 1399 320 1484 imperium
343 1399 383 1466 de
402 1400 476 1484 jure
497 1399 595 1466 fuisse
617 1401 858 1486 monstrabitur,
887 1424 950 1470 non
973 1404 1075 1470 solum
1104 1403 1145 1468 ab
1174 1403 1274 1470 oculis

152 1503 277 1586 Regum
301 1507 332 1568 et
346 1501 538 1586 Principum,
562 1503 616 1584 qui
630 1503 845 1583 gubernacula
860 1504 989 1589 publiea
1011 1504 1090 1570 sibi
1113 1509 1273 1590 usurpant,

153 1607 215 1672 hoc
236 1605 341 1690 ipsum
364 1601 404 1670 de
426 1605 569 1671 Romano
591 1604 709 1688 populo
724 1605 919 1672 mendaciter
934 1605 1161 1689 existimantes,
1184 1605 1272 1688 igno-

152 1705 275 1772 rantiae
297 1706 415 1772 nebula
438 1707 574 1789 eluetur;
605 1705 663 1772 sed
684 1707 835 1782 mortales
864 1727 973 1774 omnes
1004 1727 1074 1773 esse
1097 1726 1132 1775 se
1153 1706 1273 1773 liberos
1292 1723 1323 1772 40

152 1830 175 1873 a
192 1809 271 1892 jugo
294 1808 341 1873 sic
363 1808 580 1893 usurpantium
609 1812 844 1890 recognoscent.
888 1809 1014 1873 Veritas
1043 1812 1149 1874 autem
1178 1827 1273 1891 quae-

153 1909 264 1998 stionis
279 1915 389 1993 patere
404 1914 511 1992 potest
524 1929 588 1974 non
602 1909 705 1976 solum
719 1910 839 1976 lumine
861 1909 1038 1976 rationis
1059 1910 1274 1991 humanae,

154 2009 213 2079 sed
235 2010 332 2079 etiarn
354 2010 444 2077 radio
468 2010 632 2076 divinae
661 2011 933 2078 auctoritatis.
979 2013 1069 2092 Quae
1092 2010 1154 2075 duo
1179 2028 1275 2091 quum

154 2113 249 2179 simul
271 2113 314 2178 ad
336 2132 432 2177 unum
447 2117 642 2195 concurrunt,
665 2114 790 2180 coelum
812 2118 844 2178 et
865 2117 981 2178 terram
1004 2111 1098 2177 simul
1120 2110 1274 2177 assentire

154 2236 286 2283 neccsse
308 2222 365 2282 est.
409 2215 509 2297 Igitur
529 2213 665 2280 fiduciae
685 2217 894 2296 praenotatae
915 2213 1058 2297 innixus,
1082 2219 1114 2280 et
1135 2212 1275 2279 testimo·
1294 2233 1325 2283 rc

154 2318 207 2385 nio
230 2317 360 2383 rationis
383 2322 415 2383 et
430 2315 627 2380 auctoritatis
647 2314 833 2399 praefretus,
857 2312 899 2379 ad
915 2312 1130 2380 secundam
1153 2333 1275 2397 quae-

155 2420 326 2487 stionem
349 2416 560 2483 dirimendam
581 2415 750 2498 ingredior.

183 2571 207 2603 ²⁸
223 2571 256 2624 A.
275 2569 308 2623 F.
326 2567 424 2622 uratur't
441 2597 474 2605 -
491 2567 523 2620 L.
537 2566 624 2620 metui
809 2580 866 2630 nes,
884 2581 945 2622 curn
954 2566 1049 2622 Ficino
1068 2564 1275 2621 omittuntEdd.

240 2655 273 2708 L.
289 2651 494 2724 irrumpendum
515 2682 539 2688 -
568 2650 598 2704 P.
617 2666 690 2704 rurn-
826 2651 860 2704 H.
879 2653 915 2707 M.
934 2654 1047 2724 pubern.
1060 2668 1156 2722 peuce

218 2738 341 2810 pendurn
360 2769 390 2777 -
410 2736 447 2790 M.
466 2733 644 2806 dirumpendo
767 2735 791 2768 ³³
807 2734 841 2788 H.
862 2735 895 2789 de
914 2718 1037 2792 Bouiano
1055 2735 1175 2807 Imperio

183 2823 208 2857 ²³
224 2823 305 2877 L.M.
325 2825 351 2876 et
368 2820 505 2875 Fraticell.
523 2819 647 2874 inserunt
664 2821 691 2873 et
767 2820 792 2852 ⁴⁰
811 2819 844 2872 L.
863 2818 991 2873 evelletur
1009 2848 1041 2856 —
1059 2820 1092 2873 A.
1110 2819 1239 2874 elleuetur

224 2907 342 2962 entend
359 2904 514 2961 ostendend.
769 2904 792 2936 ³¹
811 2903 842 2957 F.
861 2907 1004 2974 usurpant.
1022 2908 1248 2975 recognoscerent

183 2994 205 3027 ³¹
222 2993 256 3046 A.
267 2992 298 3045 F.
313 2991 389 3044 H.L.
408 2990 438 3044 P.
451 2989 483 3043 V.
503 2994 530 3042 et
546 2989 616 3043 Edd.
634 2993 688 3042 ant.
766 2990 798 3055 ³¹,
808 2990 830 3021 ‘³²
838 2988 909 3042 FP.
923 2987 986 3043 Ver.
995 2992 1050 3042 aut.
1062 2989 1212 3043 eomrnunr's
1217 2991 1277 3060 pat.

223 3107 257 3118 —
274 3077 312 3132 M.
331 3077 411 3129 Turr.
430 3079 457 3128 et
475 3073 549 3128 Frct.
566 3074 690 3128 sanctiss.
766 3074 789 3107 ⁴³
807 3073 875 3127 Edd.
893 3072 942 3126 sed
958 3076 985 3125 et
1000 3071 1080 3126 rudr'o

224 3178 265 3215 rue
282 3161 354 3215 subs.
766 3159 789 3190 ⁴³
811 3157 844 3212 V.
871 3173 954 3227 quurn
971 3156 1178 3211 steriliter-F.
1196 3173 1279 3227 quum

224 3247 256 3299 A.
275 3246 306 3299 F.
326 3246 360 3298 H.
382 3245 412 3298 P.
436 3243 468 3297 V.
497 3244 690 3314 subsequenter
807 3242 919 3296 r'nsr'rnul

225 3360 258 3368 -
275 3330 307 3382 L.
326 3329 365 3382 M.
383 3329 564 3398 subsequetur
824 3327 856 3379 V.
879 3335 1045 3381 concurrunt

224 3415 262 3469 M.
281 3414 412 3469 bortebor
770 3413 794 3446 ‘³³
811 3412 844 3465 A.
862 3411 894 3464 F.
912 3411 944 3465 L.
965 3410 1041 3483 Erpo

224 3499 256 3553 F.
275 3514 413 3553 assumens
771 3498 796 3530 ⁴⁶
812 3496 843 3550 F.
862 3496 896 3550 H.
916 3497 946 3550 P.
962 3527 994 3536 -
1004 3497 1037 3549 V.
1054 3495 1181 3567 prefetus
1193 3524 1227 3532 -
1240 3492 1275 3546 M.

184 3586 208 3620 ³⁴
224 3585 255 3638 P.
274 3583 306 3637 V.
323 3582 401 3638 Here
420 3582 527 3653 quietern
807 3581 953 3652 prefectus
975 3612 1008 3620 —
1029 3581 1062 3635 L.
1076 3578 1223 3652 prefertur
1245 3607 1278 3616 -

185 3671 209 3704 ³³
225 3669 257 3723 V.
282 3669 373 3740 partis
404 3665 557 3740 praesentis
587 3679 693 3736 prope·
813 3667 846 3719 A.
860 3667 989 3738 perfecte
1006 3695 1040 3703 -
1057 3663 1129 3718 Edd.
1146 3662 1237 3732 fretus

226 3755 350 3809 sitienern
772 3752 795 3784 ³⁷
813 3751 847 3804 M.
860 3749 1029 3821 progredior

185 3842 209 3876 ³³
226 3839 256 3892 P.
275 3839 396 3892 ueritutr's
414 3837 597 3906 quaestionem
616 3864 647 3872 -
660 3833 693 3885 A.
830 3835 861 3888 P.
881 3833 956 3888 addit
972 3834 1001 3887 in
1018 3831 1072 3886 fine
1082 3829 1208 3901 Enplr'er't
1218 3830 1279 3901 pri-

227 3923 364 3996 epr'nr'onr's
382 3922 520 3975 ueritatem
814 3935 858 3972 nze
877 3919 980 3988 questio
995 3913 1156 3970 Monerebr‘e
1177 3913 1281 3969 Dentis.

243 4007 357 4062 Turrius
376 4012 403 4060 et
419 4005 520 4060 Fratic.
540 4003 677 4059 ostendum
815 4004 911 4074 ineqn't
927 4000 1046 4056 seeundo

186 4093 211 4126 ³³
227 4092 332 4164 Repuur
350 4097 387 4158 et,
414 4091 486 4160 quod
510 4090 612 4144 habent
639 4103 694 4143 orn-

229 4229 252 4262 ³³
269 4227 337 4281 Vide
354 4226 399 4279 lib.
418 4227 438 4279 I.
459 4241 518 4294 cap.
538 4230 563 4279 2.
