2940 4808
299 1356 301 1361 ,
366 1283 524 1373 LIBRI
548 1283 782 1369 OCCASIO
805 1285 876 1367 ΕΤ
899 1283 1056 1377 FINIS.

630 1481 783 1493 -un-—uu

251 1642 424 1714 Pontifices
448 1640 625 1733 Romanos
652 1667 833 1740 eorumque
860 1654 1120 1739 propugnatores
1147 1644 1223 1717 imle
1251 1670 1270 1721 a
1318 1618 1321 1622 ⁷

149 1770 351 1868 temporibus
372 1769 520 1865 Gregorii
535 1769 600 1841 Vll.
621 1780 748 1866 praeter
766 1771 965 1867 spiritualem
986 1795 1149 1844 summam
1170 1771 1267 1851 etiam

149 1900 182 1971 iu
210 1898 443 1996 temporalibus
470 1870 663 1995 potestatem
678 1896 853 1990 Ecclesiae,
879 1899 927 1969 vel
954 1910 988 1970 ut
1014 1901 1134 1971 rectius
1161 1899 1268 1971 dicam

149 2027 268 2123 Papae,
293 2026 488 2114 vindicasse,
524 2035 599 2096 nota
626 2049 678 2097 res
701 2037 759 2096 est.
813 2025 917 2121 Hujus
944 2027 1183 2122 usurpationis,
1225 2050 1268 2098 ne
1370 2061 1373 2066 ·

150 2154 245 2225 bodie
264 2154 395 2249 quidem
414 2153 600 2243 exstinctae,
628 2153 816 2247 specimina,
843 2154 1078 2248 praecaeteris
1106 2153 1270 2243 notabilia,

149 2290 304 2375 leguntur
337 2282 370 2351 in
406 2279 632 2374 compluribus
666 2279 824 2375 Paparum
868 2280 1014 2376 epistolis
1041 2279 1269 2371 decretalibus,

149 2408 252 2480 tribus
271 2418 346 2503 puta
366 2406 546 2477 lnnoceutii
565 2405 622 2477 lll:
640 2405 781 2497 „Solitos
800 2407 1028 2503 benignitatis“
1048 2408 1136 2497 (anni
1158 2407 1269 2478 1200.

149 2535 226 2634 Cap.
256 2535 289 2607 6.
324 2535 362 2605 Χ.
398 2532 445 2603 lle
472 2531 649 2628 Majoritate
683 2544 714 2604 et
748 2534 930 2606 ohedientia
957 2533 979 2604 l.
1017 2534 1106 2624 33.),
1143 2534 1269 2624 „Vene-

148 2664 304 2737 rabilem
338 2661 427 2752 (anui
458 2659 564 2743 1201.
608 2657 685 2756 Cap.
715 2661 773 2735 34.
808 2661 846 2731 X.
882 2659 929 2733 De
957 2659 1122 2733 Electione
1149 2659 1173 2733 l.
1210 2660 1269 2753 6.),

149 2800 180 2860 et
206 2789 322 2881 „Novit
348 2789 423 2860 ille“
456 2788 580 2876 (1201.
618 2786 696 2884 Cap.
726 2787 782 2859 13.
821 2787 859 2858 Χ.
897 2787 945 2858 Ile
972 2787 1106 2859 tudiciis
1134 2787 1171 2857 ll.
1212 2787 1269 2879 1.),

148 2941 213 2993 una
241 2916 422 2987 lnnoceutii
449 2914 510 2987 lV:
545 2916 617 3007 „Ad
645 2915 860 3010 apostolicae“
887 2911 1013 3014 (1215.
1042 2914 1119 3010 Gap.
1149 2915 1183 2984 2.
1220 2914 1266 2986 lle

149 3043 309 3115 sententia
343 3052 375 3113 et
409 3067 443 3115 re
467 3042 537 3136 jud.
576 3041 613 3115 ln
640 3042 749 3113 Sexto.
785 3041 822 3115 ll.
855 3043 924 3133 14.)
959 3053 991 3113 et
1017 3042 1141 3114 duabus
1171 3040 1270 3113 boui·

150 3171 223 3242 fecii
249 3169 320 3240 lllll
352 3168 516 3267 „Clericis
545 3170 662 3241 laicos“
689 3166 813 3268 (1206.
849 3167 926 3263 Cap.
956 3168 989 3239 3.
1032 3168 1080 3238 lle
1109 3168 1268 3240 immuni·

149 3307 212 3368 tate
240 3296 401 3369 ecclesiar.
430 3297 506 3368 ibid.
540 3296 591 3368 lll.
626 3288 689 3393 23)
717 3306 749 3367 et
781 3295 906 3387 „Unam
942 3299 1107 3371 sanctam“
1141 3291 1267 3393 (1302.

149 3426 226 3522 Cap.
258 3425 289 3496 1.
326 3423 565 3518 Extramgantt.
593 3447 715 3495 comm.
739 3423 787 3493 lle
815 3420 950 3516 Majorit.
977 3434 1009 3495 et
1036 3424 1129 3495 obed.
1164 3423 1187 3493 l.
1217 3419 1267 3522 8.)

251 3553 363 3647 Neque
398 3551 589 3641 doluerunt,
626 3551 679 3647 qui
715 3552 833 3646 privata
868 3551 1058 3625 auctoritate
1087 3551 1266 3623 scribentes

150 3680 266 3753 similia
315 3689 509 3770 statuerent,
557 3693 591 3749 ut
637 3681 667 3749 b.
710 3677 917 3749 bernhardus
960 3673 1268 3775 clarevallensem),

149 3810 180 3880 b.
215 3808 357 3879 Thomas
392 3806 553 3903 AquiuaS,
592 3805 784 3902 Speculator
825 3804 981 3877 Suevicus
1022 3804 1089 3874 rel.
1132 3803 1264 3876 Nullum

235 4073 261 4135 11)
280 4072 353 4127 Libri
364 4074 483 4141 quinque
493 4073 527 4126 de
537 4071 761 4126 Consideratione
771 4070 807 4123 ad
817 4069 970 4137 Eugenium
988 4069 1034 4122 ΙΙΙ.
1055 4069 1164 4135 Papam.
1184 4067 1266 4135 Apud

150 4162 307 4221 Goldast.
344 4166 499 4220 Monarchia
517 4165 543 4219 S.
562 4164 678 4219 Romani
696 4163 811 4232 Imperii.
838 4162 872 4216 II.
902 4166 1012 4259 ⁶8.'⁸⁶'
