2940 4808
199 334 239 395 52
501 332 635 388 DANTIS
653 331 872 388 MONARCHIA
889 332 923 386 Il.
942 331 972 387 C.
990 336 1013 384 ι’).

283 506 377 588 Quod
399 510 505 573 autem
527 507 688 572 Romanus
710 504 847 590 populus
878 505 997 571 bonum
1019 503 1198 588 praefatum
1221 505 1322 574 inten-

199 609 297 692 derit,
321 607 520 693 subjiciendo
544 607 606 673 sibi
621 608 739 675 Orbem
760 613 928 689 terrarum,
951 609 1044 688 gesta
1066 625 1125 671 sua
1148 604 1322 674 declarant.

198 711 236 774 In
259 709 389 792 quibus,
413 709 499 776 omni
522 707 696 794 cupiditate
715 710 882 792 submota,
903 727 984 789 quae
1001 707 1048 773 rei
1069 709 1218 792 publicae
1241 730 1322 777 sem-

148 819 180 869 25
198 832 256 897 per
283 810 420 877 adversa
448 816 512 895 est,
541 816 574 877 et
601 811 775 878 universali
802 830 883 893 pace
913 829 984 874 cum
1012 808 1161 879 libertate
1192 810 1322 896 dilecta,

199 913 337 998 populus
367 913 425 980 ille
454 918 596 997 sanctus,
630 913 701 998 pius
731 918 763 978 et
791 912 964 995 gloriosus,
994 913 1125 994 propria
1155 913 1324 980 commoda

198 1015 381 1098 neglexisse
403 1013 545 1098 uidetur,
568 1019 604 1079 ut
616 1015 747 1100 publica
759 1035 817 1098 pro
841 1013 944 1079 salute
959 1011 1089 1078 humani
1104 1015 1232 1097 generis
1251 1037 1321 1101 pro-

200 1122 333 1184 curaret.
369 1115 464 1182 Unde
486 1121 571 1183 recte
593 1115 675 1182 illud
697 1118 849 1201 scriptum
864 1118 927 1182 est:
949 1114 1127 1179 Romanum
1150 1116 1323 1202 Imperium

203 1217 244 1286 de
264 1219 351 1285 fonte
373 1218 514 1284 nascitur
534 1218 673 1301 pietatis.

151 1325 183 1377 30
289 1320 354 1387 Sed
377 1319 451 1401 quia
474 1320 515 1386 de
535 1319 710 1386 intentione
733 1319 872 1385 omnium
901 1341 942 1386 ex
971 1317 1125 1387 electione
1148 1320 1321 1404 agentium,

199 1421 280 1487 nihil
310 1421 513 1487 manifestum
544 1425 592 1487 est
615 1425 707 1487 extra
728 1420 960 1506 intendentem,
990 1422 1051 1487 nisi
1072 1442 1130 1506 per
1152 1422 1246 1505 signa
1269 1444 1321 1493 exr

199 1524 332 1608 teriora,
369 1527 400 1591 et
433 1542 595 1589 sermones
623 1521 803 1604 inquirendi
835 1529 908 1588 sunt
939 1522 1112 1590 secundum
1145 1524 1322 1608 subjectam

166 1649 168 1653 ¹
201 1625 382 1709 materiam,
407 1630 441 1689 ut
458 1625 528 1708 jam
551 1623 670 1690 dictum
692 1628 755 1708 est;
786 1624 864 1689 satis
892 1625 925 1690 in
947 1626 1099 1693 hocloco
1123 1625 1321 1709 habebimus,

201 1726 229 1791 si
258 1725 298 1793 de
329 1726 503 1794 intentione
525 1727 636 1813 populi
658 1728 793 1792 Romani
820 1728 913 1808 signa
940 1726 1167 1794 indubitabilis
1195 1732 1263 1793 tam
1291 1728 1323 1793 in

151 1837 182 1887 35
202 1827 370 1912 Collegiis,
395 1849 490 1911 quam
511 1829 545 1893 in
567 1829 781 1912 singularibus
803 1829 947 1913 personis
970 1829 1185 1896 ostendantur.

285 1930 336 1997 De
360 1931 563 2013 Collegiis
587 1929 731 2014 quidem,
762 1931 876 2012 quibus
898 1931 1043 1998 homines
1073 1929 1116 1995 ad
1137 1932 1322 2016 Rempubli-

201 2051 271 2096 cam
301 2031 536 2112 quodammodo
565 2032 692 2115 religati
724 2052 795 2098 esse
824 2031 987 2116 videntur,
1024 2033 1139 2098 sufficit
1167 2034 1225 2098 illa
1254 2034 1323 2100 sola

201 2131 417 2200 Ciceronis
440 2134 612 2201 auctoritas
633 2134 667 2198 in
696 2133 843 2199 secundis
866 2134 1000 2201 Officiis:
1037 2134 1246 2219 „Quamdiu“,
1277 2136 1322 2199 in·

201 2234 284 2317 quit,
315 2235 518 2320 „Imperium
535 2235 743 2319 Reipublicae
773 2235 935 2302 beneficiis
965 2238 1147 2320 tenebatur,
1183 2258 1248 2304 non
1276 2237 1322 2302 in-

149 2348 183 2399 40
197 2333 300 2418 juniis,
324 2336 412 2402 bella
434 2341 489 2401 aut
503 2358 560 2421 pro
585 2337 679 2402 sociis
702 2340 757 2401 aut
778 2336 818 2402 de
840 2337 978 2422 Imperio
993 2340 1193 2423 gerebantur,
1219 2338 1323 2405 exitus

201 2441 290 2503 erant
314 2437 470 2504 bellorum
485 2442 540 2502 aut
554 2438 663 2522 mites,
687 2442 742 2503 aut
763 2440 949 2524 necessarii,
973 2441 1105 2524 Regum,
1122 2441 1322 2526 populorum,

201 2541 233 2602 et
254 2539 419 2605 nationum
440 2544 550 2623 portus
573 2544 642 2621 erat
663 2544 696 2605 et
717 2541 874 2624 refugium
897 2542 1042 2609 Senatus.
1083 2543 1193 2608 Nostri
1216 2548 1323 2609 autem

200 2641 406 2724 Magistratus
429 2643 704 2726 Imperatoresque
726 2642 759 2707 in
783 2663 821 2710 ea
843 2665 877 2710 re
896 2644 1034 2711 maxime
1058 2645 1186 2711 laudem
1209 2664 1323 2727 capere

227 2842 250 2874 ²²
267 2841 301 2894 H.
327 2841 360 2898 L.
383 2842 510 2914 populus
533 2842 675 2898 Romanus
700 2876 734 2883 -
811 2845 1052 2916 ”quodammodo
1075 2844 1150 2900 deest
1173 2845 1203 2900 in
1230 2846 1262 2900 L.
1290 2877 1323 2885 -

267 2925 306 2979 M.
320 2927 446 2998 populus
463 2928 508 2983 ille
634 2984 636 2987 ,
852 2930 921 2984 Edd.
940 2935 1004 2984 vett.
1023 2930 1141 3000 quodum

228 3011 251 3043 ²⁴
268 3010 339 3065 Edd.
365 3017 460 3067 contra
486 3012 639 3068 unanimem
661 3012 734 3068 ccdi-
869 3015 923 3068 Pro
932 3014 1066 3073 videntur.
1080 3014 1159 3084 quod,
1173 3015 1323 3084 praeterL.

270 3111 332 3149 cum
368 3111 528 3152 consensum
553 3105 671 3166 remota,
708 3102 736 3154 et
852 3099 882 3153 in
899 3115 951 3166 quo
969 3099 1066 3168 legitur
1083 3100 1247 3166 viderentur,
1267 3115 1324 3155 om·

267 3180 350 3248 paulo
368 3184 462 3248 postea
479 3198 585 3254 semper
605 3200 701 3239 averso
854 3199 902 3238 nes
926 3199 1061 3253 peraeque
1086 3184 1163 3241 codd.
1183 3185 1322 3251 exhibent,

226 3264 251 3296 ²⁵
268 3262 301 3320 F.
319 3262 353 3315 Η.
373 3264 404 3317 Ρ.
423 3265 566 3336 utilipace
651 3321 652 3324 ,
856 3268 931 3323 editt.
948 3268 1051 3323 habent
1061 3270 1130 3340 jure
1148 3269 1245 3324 debent

227 3349 249 3381 ²⁷
267 3347 300 3401 F.
318 3353 350 3401 ιιι
361 3348 477 3418 publico
494 3350 634 3405 contuenda
814 3354 838 3387 ³⁸
854 3353 888 3406 A.
909 3354 942 3407 F.
960 3353 994 3406 H.
1016 3354 1048 3406 L.
1068 3353 1099 3407 P.
1117 3353 1150 3407 V.
1176 3386 1210 3394 —
1234 3355 1273 3408 M.
1298 3359 1325 3409 et

226 3433 251 3466 ²⁸
267 3433 299 3486 F.
314 3439 489 3504 procuraret.
508 3434 590 3490 Recte
856 3438 914 3492 edd.
934 3441 962 3493 ιιι
980 3438 1099 3494 secundo
1117 3437 1151 3493 de
1171 3438 1280 3508 Officiis

228 3518 251 3551 33
268 3517 300 3572 F.
321 3519 351 3572 P.
369 3517 408 3573 Et
424 3520 489 3589 quio
813 3522 836 3558 ²⁰
853 3522 886 3575 A.
910 3522 942 3575 F.
963 3523 1001 3577 M.
1029 3529 1056 3578 et
1083 3522 1141 3578 edd.
1175 3524 1245 3579 male
1267 3539 1330 3596 pro⁸

228 3603 252 3635 ²²
269 3604 303 3656 A.
321 3603 488 3674 exquirendi
857 3605 978 3678 Imperio

228 3687 251 3720 33
268 3687 300 3740 F.
318 3690 386 3743 sotis
403 3691 474 3743 enim
492 3690 521 3744 ιιι
538 3687 590 3744 boc
815 3691 840 3723 ²²
855 3690 888 3742 F.
912 3689 1010 3745 Nostri
1030 3697 1120 3746 oetan
1144 3696 1171 3747 ct
1192 3691 1269 3764 May.
1292 3723 1326 3732 -—

286 3772 317 3827 P.
335 3773 466 3829 babemus
856 3775 964 3843 Reliqui
982 3780 1009 3830 et
1028 3775 1087 3830 edd.
1107 3776 1205 3832 Nostri
1221 3785 1247 3832 et
1264 3776 1327 3832 Ma·

229 3856 253 3889 ³⁶
269 3856 301 3911 F.
320 3858 499 3913 ostenduntur
854 3861 987 3931 qistrotus

272 4043 296 4076 ²²
313 4044 418 4099 Eadem
435 4046 583 4113 sententia,
602 4060 671 4115 quae
689 4045 760 4167 ulnde
776 4045 930 4100 haustat
894 4046 930 4099 sit
937 4046 1070 4115 ,ignora
1089 4047 1230 4103 recurrit
1222 4063 1326 4102 me-

204 4109 274 4163 stola
292 4110 412 4179 Regibus
429 4113 680 4235 inscriptap‘.t
579 4120 689 4180 3,
693 4114 825 4180 ,Inoscet
848 4087 972 4193 omnibhs
998 4091 1211 4172 misericordiam
1228 4047 1326 4199 imphi-

203 4178 340 4243 rantibus,
359 4197 441 4246 quum
459 4188 494 4236 ιιι
533 4198 625 4240 aesar,
653 4155 699 4236 et„
727 4181 828 4250 ajestas
854 4182 911 4250 ejus
929 4181 962 4236 de
980 4182 1054 4239 fonte
1069 4184 1170 4240 defluat
1187 4188 1244 4254 piet
1233 4186 1324 4240 tatis.“

256 4199 809 4316 ³⁸crcm0deofficus11claudar.)
