2948 4806
206 295 246 357 60
491 298 627 354 DANTIS
643 298 864 354 MONARCHIA
880 301 914 354 II.
934 301 963 356 O.
981 305 1006 355 6.
1025 307 1049 355 7.

205 471 313 539 veniat
333 471 482 555 pauperi,
505 491 567 538 uon
589 477 697 538 tamen
718 473 925 557 eleemosyna
947 471 1083 540 dicenda
1105 477 1169 557 est,
1196 473 1256 541 sed
1278 481 1327 541 est

154 594 186 645 so
204 575 288 642 actio
312 572 484 657 quaedam,
515 593 613 658 quae,
642 573 733 639 si-de
754 574 884 659 propria
906 575 1085 641 substantia
1111 574 1216 659 fieret,
1241 579 1324 645 elee-

204 696 357 761 mosynae
384 675 517 742 formam
545 676 687 742 haberet.
734 673 887 742 Similiter
909 681 960 742 est
982 675 1022 742 de
1048 675 1111 742 fine
1129 678 1227 762 juris:
1252 681 1327 762 quia

203 779 232 844 si
254 777 391 861 aliquid,
414 775 535 842 utfinis
555 777 657 861 ipsius
675 776 774 861 juris,
797 777 918 860 absque
936 777 1011 863 jure
1033 780 1244 865 obtineretur,
1267 783 1327 848 ita

204 886 288 947 esset
315 878 387 944 finis
412 879 510 963 juris,
539 879 601 944 hoc
628 884 677 944 est
707 897 873 945 commune
903 880 1035 964 bonum,
1066 881 1147 948 sicut
1169 884 1325 953 exhibitio

203 981 289 1048 facta
311 981 351 1047 de
368 982 453 1048 male
475 981 631 1063 acquisito
654 984 704 1046 est
718 980 937 1065 eleemosyna:
960 987 993 1048 et
1006 982 1062 1066 sic,
1087 1002 1183 1066 quum
1203 985 1238 1050 in
1253 1008 1323 1072 pro

153 1083 361 1166 repositione
390 1082 513 1149 dicatu
541 1081 581 1147 de
609 1080 672 1147 fine
690 1080 773 1166 juris
795 1082 966 1167 existente,
995 1105 1059 1150 non
1079 1090 1203 1151 tanturn
1225 1107 1324 1173 appu

120 1198 125 1203 ·
202 1189 307 1269 rente,
330 1185 483 1250 instantia
504 1184 593 1249 nulla
615 1188 671 1251 est.
716 1185 810 1250 Patet
830 1184 941 1268 igitru,
966 1186 1052 1267 quod
1074 1188 1297 1269 quaerebatur.

659 1460 781 1534 [aanor
805 1460 872 1534 vm]

286 1644 329 1708 Et
350 1640 431 1708 illud
446 1640 532 1723 quod
552 1641 852 1724 naturaordinavit,
877 1641 917 1706 de
936 1642 1011 1726 jure
1025 1649 1186 1710 servatur:
1208 1652 1324 1714 natura

202 1746 287 1812 enim
308 1746 341 1810 in
362 1741 560 1829 providendo
581 1764 646 1810 non
661 1743 769 1810 deficit
790 1745 832 1810 ab
856 1742 992 1810 hominis
1006 1743 1225 1832 providentia,
1250 1751 1326 1831 quia

200 1849 228 1914 si
257 1847 419 1930 deficeret,
448 1845 581 1912 effectus
617 1852 782 1930 superaret
816 1865 946 1911 causam
979 1845 1013 1910 in
1042 1846 1199 1933 bonitate,
1236 1854 1322 1934 quod

200 1955 249 2017 est
270 1948 477 2032 impossibile.
524 1946 590 2014 Sed
617 1968 675 2015 nos
704 1947 864 2031 videmus,
896 1946 982 2029 quod
1010 1947 1044 2012 in
1066 1949 1211 2032 collegiis
1232 1953 1321 2021 insti-

166 2056 181 2104 ⁵
200 2051 342 2134 tuendis,
364 2071 428 2115 non
450 2050 554 2116 solum
576 2047 654 2116 ordo
669 2050 864 2131 collegarum
878 2048 921 2114 ad
941 2049 1079 2115 invicem
1102 2054 1321 2124 consideratur

200 2155 241 2219 ab
264 2153 457 2236 instituente,
481 2151 651 2219 sedetiam
671 2152 808 2217 facultas
830 2151 872 2215 ad
895 2151 1000 2217 officia
1023 2155 1211 2242 exercenda,
1235 2160 1321 2240 quod

199 2260 248 2320 est
276 2252 476 2320 considerare
504 2254 672 2319 terminum
696 2252 777 2336 juris
804 2253 839 2317 in
867 2252 1019 2336 collegio,
1049 2254 1101 2320 vel
1117 2257 1162 2321 ³in
1193 2260 1321 2346 ordine;

198 2377 263 2423 non
291 2355 374 2423 enim
398 2355 453 2439 jus
482 2354 664 2421 extenditur
691 2354 776 2418 ultra
803 2374 908 2439 posse.
952 2355 1038 2438 Ergo
1068 2358 1109 2423 ab
1131 2358 1193 2426 hac
1214 2363 1320 2446 provi-

199 2457 308 2524 dentia
338 2461 452 2521 natura
477 2476 541 2522 non
571 2454 680 2522 deficit
706 2454 740 2519 in
769 2456 835 2522 suis
864 2456 1028 2524 ordinatis.
1079 2460 1215 2546 Propter
1236 2463 1322 2545 quod

151 2566 181 2615 1⁰
200 2565 304 2646 patet,
328 2557 414 2642 quod
434 2563 549 2622 natura
570 2556 697 2625 ordinat
722 2576 775 2622 res
804 2577 874 2623 oum
896 2564 1044 2643 respectu
1072 2580 1201 2628 suarum
1222 2565 1320 2632 facul·

198 2667 314 2747 tatum3
350 2661 404 2744 qui
436 2664 598 2743 respectus
630 2664 679 2725 est
711 2657 951 2726 fundamentum
984 2660 1067 2746 juris
1104 2663 1138 2727 in
1167 2664 1265 2730 rebus
1300 2684 1321 2730 a

198 2768 311 2828 natura
332 2763 480 2849 positum.
523 2760 574 2825 Ex
603 2779 665 2841 quo
696 2758 852 2844 sequitur,
884 2762 970 2844 quod
997 2762 1075 2830 ordo
1110 2765 1267 2832 naturalis
1288 2765 1321 2831 in

125 2869 130 2883 ’
198 2866 293 2932 rebus
315 2865 438 2947 absque
463 2862 535 2947 jure
564 2861 684 2930 servari
711 2882 775 2928 non
795 2863 913 2947 possit,
943 2883 1039 2945 quum
1061 2867 1320 2952 inseparabiliter

223 3149 246 3182 ³⁹
264 3149 296 3201 A.
304 3148 335 3201 F.
345 3148 384 3202 M.
394 3149 425 3203 P.
442 3146 597 3216 —Reliqui
614 3154 641 3201 et
653 3147 731 3216 impr.
808 3148 833 3181 ⁴⁶
849 3148 882 3200 A.
901 3147 932 3200 F.
950 3148 980 3202 P.
999 3153 1027 3204 et
1043 3149 1119 3206 editt.
1131 3153 1317 3220 praeterFro·

265 3232 407 3287 dicendum
426 3237 467 3286 ast
848 3232 894 3286 tic.
913 3249 967 3287 aaa
986 3238 1075 3288 tamea
1093 3253 1160 3308 app.

222 3335 253 3399 ⁴¹,
264 3334 288 3365 ⁴²
297 3333 330 3386 A.
347 3333 380 3386 Η.
393 3332 425 3386 L.
436 3332 619 3387 consentiente
634 3331 729 3386 Fioino
806 3333 830 3365 ⁴⁶
847 3332 878 3386 F.
897 3332 978 3387 Patet
995 3351 1061 3407 erqo
1080 3338 1155 3408 quod
1171 3354 1266 3409 quaer.
1284 3369 1318 3378 -

262 3448 296 3459 -
320 3417 352 3471 F.
375 3418 449 3488 quod
464 3419 490 3472 si
505 3416 612 3487 aliquid
632 3448 666 3455 —
689 3416 727 3470 M.
845 3418 879 3471 A.
899 3417 975 3473 addit
998 3419 1027 3473 in
1050 3420 1104 3475 fine
1122 3422 1233 3492 capitis:
1257 3427 1317 3478 erat

261 3504 344 3576 quast
358 3501 472 3573 aliquod
480 3532 512 3540 -
524 3501 555 3555 P.
574 3502 641 3572 quia
657 3501 728 3556 sicut
844 3501 914 3557 illud
930 3503 1005 3573 quod
1021 3509 1122 3560 natura
1140 3507 1318 3563 ordinaverat

261 3621 296 3628 -
313 3588 345 3642 V·
364 3593 391 3642 ei
407 3585 465 3641 edd·
479 3587 550 3684 'luia
566 3587 593 3641 δ”
608 3586 685 3641 aliud
780 3601 914 3671 cap.v11.
943 3607 951 3636 ¹
965 3604 1001 3658 Η.
1012 3607 1087 3676 quod
1094 3613 1196 3663 natura
1205 3607 1317 3665 ordinat

220 3677 244 3709 ⁴²
260 3675 294 3728 Η·
311 3673 350 3727 Μ·
367 3679 416 3727 am
430 3671 496 3741 βω
823 3703 942 3759 ‘Editiz
960 3705 1010 3760 sed
1026 3712 1053 3761 et
1067 3708 1193 3777 facultas

279 3760 310 3813 F.
329 3759 431 3874 abside
446 3756 502 3869 w
825 3806 836 3838 ⁸
852 3805 884 3859 F.
897 3807 950 3877 Jur
967 3809 1119 3864 ostenditur

219 3864 243 3897 ⁴³
259 3861 329 3916 Edd.
341 3875 420 3932 jum
433 3857 499 3927 fimi
810 3910 832 3942 ¹⁰
849 3908 883 3961 H.
902 3911 1064 3979 qualitatum

276 3944 345 3999 Edd.
365 3945 462 4000 bouum
480 3958 619 3998 commuue

807 4011 827 4042 ¹¹
845 4008 882 4062 M.
901 4010 1009 4067 licinus
1028 4019 1055 4068 et
1072 4014 1132 4068 edd.
1150 4018 1263 4069 recentt.
1282 4043 1317 4056 -

220 4047 243 4078 ⁴⁴
260 4046 292 4100 F.
311 4046 344 4100 da
367 4045 438 4100 malo
456 4060 490 4099 ac
509 4045 559 4098 uis.
905 4094 911 4106 .
951 4096 958 4109 .
1155 4100 1161 4110 .
1201 4099 1207 4111 .

279 4128 389 4192 Frutic,
417 4061 576 4184 sicutqolim
602 4129 727 4184 emenda·
846 4094 1096 4238 ᾒῖἶὲυὲῗῑξῐτῖῗ
1113 4096 1314 4168 rehqmsmdd'

261 4230 358 4278 veram,
377 4221 446 4267 esset
463 4213 552 4267 eleum.
