2940 4808
302 328 436 382 nunnus
454 327 673 381 nonuncium
691 327 738 381 111.
758 327 787 382 o.
810 331 847 380 14.
866 330 928 394 (ra.)
949 332 986 380 ιε.
1006 329 1070 393 (14.)
1183 323 1242 385 133

123 500 150 566 si
179 501 325 566 Ecclesia
357 501 418 565 sibi
452 498 541 564 dedit
573 499 663 563 illam
691 500 855 581 virtutem,
888 520 950 564 non
981 499 1123 566 habebat
1153 500 1243 564 illam

122 603 306 687 priusquam
329 601 433 666 daret:
457 601 547 666 etsie
563 599 704 667 dedisset
726 601 788 666 sibi
805 600 890 682 quod
903 621 965 666 non
987 601 1138 683 habebat,
1155 599 1241 681 quod

123 710 172 770 est
192 704 399 786 impossibile.
1261 723 1294 773 35

207 806 300 885 Quod
315 826 390 870 vero
413 805 460 869 ab
483 804 622 884 aliquo
644 802 896 885 Imperatore
918 824 982 867 non
1002 804 1168 887 receperit,
1185 825 1244 889 pcr

123 929 267 990 eaquae
290 907 434 991 superius
457 906 625 970 manifesta
648 905 737 986 sunt,
761 910 849 986 patet
872 904 1071 969 sufficienter.

207 1009 248 1073 Et
271 1008 356 1090 quod
385 1007 481 1072 etiam
504 1007 545 1072 ab
573 1005 752 1071 adsensu
781 1006 951 1070 omnium
981 1007 1033 1072 vel
1055 1009 1242 1090 praevalen-

122 1111 201 1174 tium
223 1131 286 1174 non
309 1108 465 1191 habuerit,
489 1109 560 1189 quis
583 1107 732 1172 dubitat?
756 1125 852 1187 quum
875 1128 937 1172 non
959 1107 1054 1173 modo
1076 1108 1189 1173 Asiani
1211 1114 1244 1176 ct

122 1212 263 1277 Africani
286 1231 411 1293 omnes,
442 1210 517 1290 quin
547 1210 643 1275 ctiam
665 1208 769 1291 major
790 1228 865 1290 pars
888 1209 1048 1295 Europam
1072 1212 1242 1277 colentium
1260 1233 1293 1283 40

122 1315 183 1379 hoc
205 1313 396 1377 abhorreat?
423 1311 601 1375 Fastidium
626 1310 741 1377 etenim
765 1315 829 1391 θεῖ,
853 1311 885 1373 in
907 1312 1001 1377 rebus
1023 1312 1242 1378 manifestissi-

123 1415 182 1479 mis
205 1414 410 1497 probationes
432 1411 600 1478 adducere.

512 1619 633 1692 [curun
654 1634 712 1680 xv.
737 1612 852 1698 (xiv.)l

206 1769 302 1834 Item:
330 1766 416 1831 Illud
439 1767 525 1848 quod
547 1772 596 1832 θεῖ
626 1771 734 1832 contra
759 1772 905 1857 naturam
927 1766 1078 1851 alicujus,
1108 1791 1171 1835 non
1196 1775 1245 1837 θεῖ

123 1869 162 1934 de
190 1889 321 1934 numero
353 1889 480 1933 suarum
509 1868 673 1951 virtutum;
710 1888 805 1949 quum
833 1867 966 1934 virtutes
987 1869 1243 1954 uniuscujusque

122 1971 169 2036 rei
204 1975 436 2051 consequantur
468 1977 613 2034 naturam
646 1969 732 2053 ejus,
766 1975 896 2053 propter
925 1969 997 2034 finis
1031 1969 1252 2056 adeptionem..

123 2071 189 2138 Sed
206 2072 307 2136 virtus
323 2070 538 2137 auctorizandi
553 2090 684 2154 regnum
699 2076 826 2136 nostrae
842 2071 1055 2155 mortalitatis,
1072 2078 1120 2139 θεῖ
1136 2072 1256 2139 contra

122 2177 267 2237 naturam
282 2172 461 2238 Ecclesiae:
485 2192 559 2254 crgo
574 2194 638 2238 non
661 2178 710 2238 θεῖ
726 2172 765 2237 de
788 2192 917 2238 numero
934 2172 1085 2237 virtutum
1106 2194 1242 2241 suarum.
1263 2202 1279 2250 ε

206 2272 260 2339 Ad
289 2272 483 2338 evidentiam
513 2280 618 2338 autem
647 2273 791 2355 minoris,
822 2272 1000 2356 sciendum,
1025 2276 1110 2356 quod
1132 2282 1244 2341 natura

122 2375 288 2441 Ecclesiae
310 2375 412 2440 forma
434 2380 482 2440 est
504 2375 677 2440 Ecclesiae.
714 2374 798 2438 Nam
815 2376 961 2455 quamvis
983 2383 1097 2442 natura
1120 2377 1243 2442 dicatur

123 2477 163 2542 dc
191 2477 325 2543 materia
354 2481 386 2541 et
413 2476 529 2557 forma,
558 2476 704 2560 proprius
733 2480 840 2541 tamen
864 2477 978 2543 dicitur
1007 2478 1186 2560 deforma,
1209 2482 1245 2543 ut

123 2584 284 2645 ostensum
314 2583 363 2642 cst
399 2578 431 2641 in
459 2578 607 2643 Naturali
636 2577 753 2642 auditu.
804 2579 923 2644 Forma
951 2584 1058 2645 autem
1080 2579 1243 2644 Ecclesiae

150 2781 171 2813 ³⁴
191 2781 254 2844 sibi,
294 2777 365 2846 quod
397 2784 460 2846 post
491 2779 655 2848 priusquam
733 2779 757 2810 ‘³²
774 2777 805 2830 F.
819 2780 1011 2848 probationem
1029 2780 1125 2835 adduc.

191 2863 268 2917 (toret
300 2862 427 2916 exhibent
450 2862 540 2929 editt,
568 2877 657 2931 neque
709 2863 774 2932 Cap.
792 2863 852 2916 XV.
889 2865 953 2919 ⁴F.
972 2866 1058 2919 εῖνῖεε
1082 2864 1246 2920 auctorabili

191 2948 293 3001 habent
325 2947 415 3014 θεῖε,
449 2962 536 3016 neque
562 2946 658 3001 habuit
753 2949 764 2981 3
781 2949 812 3001 A.
831 2949 869 3002 M.
888 2949 919 3002 Ρ.
938 2949 1075 3005 scierzdum
1096 2955 1135 3002 est
1154 2946 1228 3017 qaod

177 3031 310 3085 sFicinus.
753 3033 762 3061 3
780 3033 811 3085 P.
830 3039 930 3087 aalma
948 3050 1005 3087 esse
1020 3034 1115 3102 forma
1133 3038 1172 3086 est

150 3119 173 3150 33
190 3118 222 3171 L.
241 3117 272 3169 P.
297 3115 376 3181 Quod
398 3122 487 3169 autem
512 3117 546 3170 ab
565 3117 657 3187 aliquo
755 3117 765 3149 ⁸
782 3117 815 3168 A.
833 3117 867 3170 Η.
881 3117 912 3170 Ρ,
931 3118 964 3171 V.
985 3134 1038 3188 per
1056 3119 1137 3188 prius
1156 3123 1244 3171 tamen

190 3232 224 3240 -
241 3201 272 3254 F.
294 3199 371 3265 θεοῖ
387 3201 421 3254 ab
439 3201 532 3271 aliquo
777 3202 877 3254 dicitur

149 3287 172 3319 ³⁷
189 3287 220 3340 L.
238 3286 365 3357 saperius
381 3285 525 3354 manifeste
543 3284 657 3338 dicto—
754 3286 819 3339 ⁹M.
845 3295 980 3340 ostensum
1010 3291 1048 3338 est
1071 3303 1126 3356 per
1153 3285 1244 3340 Philo-

191 3370 228 3423 M.
247 3370 374 3439 caprerias
392 3368 464 3422 dicta
481 3400 515 3406 -
529 3369 561 3421 A.
579 3384 659 3438 supe·
778 3369 892 3442 sophum
918 3372 945 3424 in
972 3369 1025 3424 biis
1048 3386 1118 3439 prece
1139 3371 1173 3424 de
1195 3387 1243 3424 aa·

190 3455 249 3507 rias
265 3453 344 3522 facta
778 3455 863 3509 trcrab'
879 3457 975 3509 credita
997 3486 1024 3494 —
1041 3454 1072 3506 F.
1091 3463 1139 3507 osc.
1158 3461 1198 3507 cst
1215 3455 1244 3507 ia

150 3538 174 3570 ³⁸
191 3538 224 3591 A.
242 3537 276 3591 H.
296 3536 327 3589 L.
342 3538 380 3590 M.
395 3538 426 3591 P.
437 3537 565 3591 —Editt
585 3536 660 3606 quod
777 3540 811 3593 dc
828 3546 918 3593 icario.
938 3539 1001 3593 arrd.

191 3623 271 3676 etiam
296 3638 407 3676 assensu
431 3622 549 3675 omittam
573 3652 606 3658 -
623 3619 656 3673 V.

191 3706 266 3775 qaod
283 3714 309 3759 et
326 3707 486 3760 adsensum
505 3706 622 3758 omnium

192 3894 264 3962 Gap.
282 3891 347 3947 XV.
401 3892 623 3945 ⁹An1srcunnns
651 3892 803 3961 Physica
829 3893 890 3947 Lib.
917 3893 950 3945 ll.
980 3908 1039 3962 cap.
1067 3897 1088 3946 1.
1118 3894 1187 3952 (lect.
1207 3898 1243 3961 2.)

126 3962 220 4016 transl.
239 3967 290 4014 vet.
328 3959 405 4024 „Uno
431 3959 536 4026 quidem
559 3960 637 4014 modo
662 3964 760 4014 natura
782 3961 821 4014 sic
846 3960 959 4026 dicitur,
986 3963 1071 4029 primo
1099 3962 1244 4030 unicuique

125 4029 248 4095 subjecta
265 4028 411 4082 materia
429 4028 585 4081 habentium
603 4028 631 4081 in
650 4029 843 4096 scipsismctus
862 4029 1024 4099 principium
1042 4038 1069 4082 ct
1077 4030 1242 4086 mutationis.

124 4096 186 4150 Alio
205 4103 294 4149 autem
312 4096 390 4150 modo
409 4095 496 4149 forma
511 4102 538 4148 et
556 4097 667 4164 specics,
686 4112 754 4165 quae
773 4104 814 4150 est
833 4097 980 4151 secundum
998 4098 1136 4151 rationem.
1165 4098 1243 4166 Quod

125 4171 215 4217 autem
233 4168 275 4218 est
292 4180 326 4217 cx
343 4165 398 4229 his,
422 4172 520 4217 natura
545 4163 651 4232 quidem
674 4181 728 4218 non
747 4172 802 4230 cst,
826 4165 874 4218 scd
891 4180 907 4218 a
924 4169 1036 4228 natura,
1055 4169 1086 4218 ut
1104 4166 1197 4220 homo:
1217 4173 1244 4222 et

124 4232 209 4300 magis
227 4236 324 4285 natura
343 4240 384 4286 cst
401 4248 480 4300 quam
498 4233 612 4286 materia
631 4275 636 4286 .
657 4274 663 4286 .
683 4273 689 4284 .
724 4232 847 4301 Amplius
864 4231 898 4286 fit
915 4248 949 4286 ex
966 4233 1073 4287 homine
1091 4234 1178 4300 homo,
1196 4235 1244 4290 scd
