2940 4808
495 314 704 370 EDITIONUM
722 314 859 372 SERIES.
1165 317 1256 372 LXIX

125 488 453 574 Topooprofi-Editorr'.
498 489 555 551 Via
578 487 716 565 Fooazo,
739 485 833 553 4765.
856 486 972 553 1857.“
1015 490 1053 554 In
1075 490 1177 556 forma
1198 491 1255 555 mi-

117 601 212 664 nori.
257 598 483 666 Dissertationi
506 598 637 665 editoris
659 598 743 663 eirea
760 599 978 665 Monarohiam
1000 598 1047 684 (p.
1071 601 1254 687 nee-278)

119 710 371 794 subjunguntur
392 715 462 775 ooto
485 709 624 793 paginae
646 708 691 774 sio
712 707 884 793 inscriptae
912 709 972 788 ,In
998 713 1073 796 quot
1093 722 1195 796 ternpo
1207 711 1255 794 fo

119 821 242 883 amitto
265 820 306 883 do
326 820 434 883 Dante
455 820 480 882 il
500 829 632 882 trottoto
655 818 737 881 detta
758 818 954 892 Monorohz'o,
983 820 1074 884 Noto
1096 823 1148 885 del
1167 822 1255 887 Pro·

102 931 238 1014 sessor
262 928 379 994 Corio
408 931 559 994 Witte.“
610 931 748 994 Textum
775 929 952 1012 bilinguem
981 932 1135 998 exhibent
1160 953 1255 1016 pagg.

123 1045 312 1108 287—423.
357 1040 439 1106 Vide
461 1059 559 1124 supra
580 1060 611 1123 p.
633 1039 728 1104 XIII.

193 1143 312 1218 ’1861.
355 1151 635 1216 anrrcnnnmun
671 1155 799 1232 quarta,
839 1150 873 1214 in
914 1151 1056 1217 seeundo
1092 1153 1256 1219 volumine

111 1263 267 1329 iteratae
297 1260 448 1327 editionis
475 1258 615 1344 Operum
649 1261 807 1326 minorum
836 1262 992 1328 auotoris:
1026 1261 1185 1339 ,Fironze
1217 1261 1255 1327 G.

127 1371 296 1454 Barbbra,
320 1371 450 1436 editore.
485 1368 601 1435 186st
645 1371 685 1435 In
710 1370 812 1436 forma
833 1371 958 1438 minori.
989 1372 1190 1454 Dissertatio,
1215 1372 1256 1438 de

128 1474 195 1566 qua
217 1481 369 1564 diximus,
398 1501 470 1546 oum
492 1482 621 1564 ,Nota“
647 1481 889 1565 comprehendit
916 1482 1053 1566 paginas
1076 1485 1255 1564 257—276,

126 1595 202 1677 ipse
223 1612 300 1659 vero
321 1598 429 1657 textus
450 1611 521 1675 pag.
547 1594 725 1658 277-409.

221 1706 312 1785 1863,
347 1705 438 1782 1867,
475 1706 566 1768 1871.
610 1703 718 1768 Prima
750 1701 847 1768 editio
875 1719 1024 1783 uosmm,
1060 1709 1124 1769 tres
1157 1703 1256 1770 libros

131 1814 234 1880 tribus
261 1813 551 1897 programmatibus
578 1812 770 1879 eoademieis
801 1812 973 1879 exhibens:
1002 1813 1124 1896 ,Halia
1147 1814 1257 1881 formis

132 1923 334 1990 Hendeliis.“
368 1923 471 1988 forma
492 1922 745 2008 quadruplioata‚
769 1926 819 2006 29,
843 1927 893 2006 44,
917 1929 949 1989 et
971 1927 1011 1988 50
1034 1924 1162 2006 paginis
1184 1944 1258 1990 oon·

134 2041 234 2102 stans.
255 2033 365 2100 -Ad
382 2032 639 2100 constituendum
667 2040 789 2100 textum
818 2032 892 2098 libri
913 2033 1009 2117 primi
1031 2039 1166 2116 quatuor
1188 2041 1257 2099 tan·

133 2152 200 2210 tum
227 2144 373 2211 oodioum
396 2141 630 2228 (Ambrosiam,
660 2144 884 2225 Laurentiani,
912 2143 1203 2226 Magliabeoohiani
1225 2151 1259 2211 et

134 2253 471 2338 Palatino-Vaticani)
509 2254 665 2320 leotiones
702 2253 781 2319 mihi
820 2253 1082 2341 suppeditabant.
1143 2253 1257 2319 Aones

134 2371 258 2457 serunt,¹
275 2384 373 2448 quum
394 2365 429 2430 in
451 2363 655 2431 emendando
676 2364 751 2429 libri
772 2364 906 2430 seeundi
929 2371 961 2430 et
981 2363 1066 2429 tertii
1083 2369 1173 2429 textu
1188 2383 1258 2429 ver-

134 2494 237 2558 saner,
260 2474 464 2555 Felinianus,
490 2475 910 2557 Hungerieo-Pesthinensis
932 2481 965 2539 et
981 2473 1132 2540 Venetus.
1176 2473 1258 2540 Oon·

134 2585 238 2651 silium
260 2586 349 2651 looos
371 2603 412 2650 ex
433 2585 606 2652 Aristotele
627 2585 740 2651 eitatos
763 2603 879 2666 grasse
901 2582 1085 2665 exhibendi,
1116 2583 1202 2665 quod
1223 2585 1256 2648 in

134 2695 290 2781 prinoipio
312 2714 469 2780 deponam,
492 2696 678 2779 rationibus,
701 2715 782 2779 quas
797 2715 827 2778 p.
840 2694 949 2774 XXII,
972 2693 1099 2759 XXIII.
1123 2695 1258 2777 exposui

136 2815 247 2889 motus,
270 2812 384 2890 postea
406 2804 521 2887 abjeoi.
