2940 4808
202 301 242 362 26
463 299 603 357 DANTIS
621 301 839 357 MONAROHIA
854 303 876 358 L
896 302 924 357 Ο.
945 306 984 356 13.
1004 289 1070 369 (ibis

201 493 295 561 Unde
322 491 536 576 Philosophus
564 490 606 557 ad
627 491 870 559 Nicomachum:
905 492 975 576 „De
997 491 1037 557 iis
1059 489 1180 575 enim,“
1208 491 1320 575 inquit,

201 613 304 680 „quae
326 594 358 658 in
380 593 581 676 passionibus
604 599 636 659 ct
650 594 836 678 actionibus,
859 614 1020 661 sormones
1042 594 1145 659 minus
1160 600 1233 658 sunt
1256 613 1320 658 cre-

202 695 317 762 dibiles
346 694 525 778 operibus.“
568 695 650 761 Hinc
679 696 775 762 ctiam
797 695 962 761 dicebatur
984 695 1024 760 de
1047 697 1136 762 coelo
1162 694 1322 780 peccatori

151 813 183 864 20
201 796 324 864 David:
362 798 486 881 „Quare
515 803 550 863 tu
572 817 700 862 enarras
735 797 873 863 iustitias
900 797 1032 862 meas?“
1066 797 1157 880 quasi
1186 797 1320 864 diceret:

201 900 332 966 Frustra
352 900 500 985 loqueris,
525 919 620 982 quum
642 904 676 964 tu
698 900 741 965 sis
764 900 845 965 alius
867 902 909 966 ab
925 920 963 966 co
986 900 1071 981 quod
1085 901 1233 982 loqueris.
1271 898 1321 964 Ex

203 1005 316 1087 quibus
332 1003 499 1088 colligitur,
523 1002 609 1085 quod
624 1001 742 1087 optimc
758 1001 946 1087 dispositum
962 1022 1033 1068 esse
1047 1008 1181 1086 oportet,
1201 1001 1320 1087 optime

202 1108 284 1174 alios
306 1106 475 1191 disponere
497 1106 665 1172 volentem.

288 1209 353 1277 Sed
381 1207 555 1275 Monarcha
583 1207 669 1272 solus
702 1212 752 1271 est
778 1206 850 1290 ille,
886 1207 939 1288 qui
967 1211 1072 1292 potest
1101 1206 1220 1291 optime
1249 1225 1319 1272 esse

152 1331 183 1381 25
203 1312 374 1399 dispositus
403 1310 446 1374 ad
472 1307 654 1389 regendum.
699 1308 793 1388 Quod
813 1310 859 1376 sic
881 1309 1074 1376 declaratur:
1101 1309 1319 1390 Unaquaeque

199 1436 251 1482 res
279 1435 316 1480 cc
339 1411 464 1479 facilius
487 1416 519 1476 et
545 1409 714 1493 perfectius
742 1410 785 1474 ad
812 1411 955 1476 habitum
978 1411 1074 1478 etad
1103 1411 1319 1495 operationem

201 1515 392 1600 disponitur,
427 1533 489 1595 quo
512 1511 615 1577 minus
636 1510 669 1574 in
691 1532 731 1577 ea
760 1517 808 1577 cst
831 1511 871 1578 dc
900 1512 1122 1579 contrarietate
1150 1512 1193 1577 ad
1222 1514 1319 1580 talem

202 1617 455 1702 dispositionem:
477 1613 561 1679 unde
584 1612 709 1679 facilius
731 1621 763 1679 et
778 1613 946 1699 perfectius
961 1615 1092 1680 veniunt
1114 1614 1156 1678 ad
1175 1615 1318 1680 habitum

200 1717 441 1804 philosophicae
470 1716 629 1800 veritatis,
659 1716 713 1798 qui
740 1716 821 1781 nihil
842 1735 980 1797 unquam
1002 1715 1199 1799 audiverunt,
1224 1736 1318 1798 quam

150 1839 182 1888 ao
200 1821 254 1904 qui
276 1820 464 1885 audiverunt
484 1839 542 1902 per
564 1823 717 1902 tempora,
740 1821 772 1884 et
786 1816 877 1883 talsis
892 1817 1093 1903 opinionibus
1108 1816 1222 1882 imbuti
1237 1825 1317 1883 sunt.

198 1926 332 2008 Propter
362 1921 446 2009 q'uqd
474 1921 555 1985 bene
585 1919 726 1986 Galenus
753 1919 869 2001 inquit:
902 1920 999 1984 Tales
1028 1918 1147 2002 duplici
1174 1923 1317 2005 tempore

197 2023 340 2106 indigere
372 2021 415 2087 ad
443 2021 606 2089 scientiam
635 2020 870 2104 acquirendam.
915 2021 1018 2101 Quum
1047 2039 1123 2102 crgo
1145 2021 1318 2087 Monarcha

197 2128 317 2192 nullam
340 2123 522 2210 cupiditatis
545 2124 743 2191 occasionem
764 2122 883 2188 habere
903 2122 1020 2206 possit,
1050 2123 1103 2188 vel
1125 2124 1238 2189 saltem
1261 2123 1316 2188 mi-

198 2228 317 2293 nimam
339 2227 420 2291 intcr
433 2226 594 2308 mortales,
617 2230 652 2289 ut
666 2224 810 2310 superius
826 2228 874 2288 est
890 2230 1059 2308 ostensum,
1083 2224 1169 2306 quod
1184 2225 1318 2292 caeteris

149 2349 180 2400 35
198 2328 395 2416 principibus
417 2347 479 2392 non
502 2327 662 2410 contingit,
685 2331 717 2391 ct
738 2326 896 2412 cupiditas
910 2328 981 2410 ipsa
997 2328 1066 2392 sola
1080 2327 1122 2391 sit
1138 2326 1318 2412 corruptiva

196 2430 320 2514 iudicii,
350 2435 382 2494 ct
403 2427 542 2492 iustitiae
563 2427 799 2513 praepeditiva;
831 2448 1026 2512 consequens
1049 2434 1112 2512 cst,
1142 2428 1228 2510 quod
1248 2429 1318 2512 ipse

197 2534 250 2600 vel
272 2530 408 2614 omnino,
432 2531 484 2595 vel
508 2529 645 2596 maxime
670 2530 749 2596 bene
778 2529 951 2617 dispositus
979 2530 1023 2595 ad
1043 2529 1218 2610 regendum
1249 2549 1318 2598 esse

197 2637 316 2720 potest,
351 2631 426 2715 quia
453 2631 534 2696 inter
562 2637 705 2699 caeteros
732 2632 883 2699 iudicium
911 2634 943 2697 ct
971 2630 1124 2696 iustitiam
1153 2631 1318 2715 potissime

222 2819 246 2852 ³⁰
263 2817 331 2872 Post
355 2816 473 2871 iustitias
502 2833 576 2871 meas
599 2816 631 2873 L.
655 2817 730 2872 addit
847 2831 915 2871 vers.
934 2815 1022 2869 Ficini
1040 2813 1116 2880 tabe
1133 2814 1224 2870 bonno
1242 2813 1318 2870 adito

260 2918 314 2974 per
341 2915 372 2955 os
397 2906 487 2966 turum,
520 2917 588 2969 quae
615 2902 643 2956 in
675 2902 729 2957 fine
847 2901 869 2955 il
896 2900 999 2970 salso“)
1031 2901 1231 2956 emendaveram
1253 2916 1319 2971 per·

263 3001 357 3040 versus
375 2985 458 3040 habet
475 2986 627 3041 Psalmista.
712 3026 715 3033 .
848 3001 939 3050 uersa,
960 2985 1032 3055 quod
1049 2987 1196 3041 intextum
1214 2985 1318 3054 recepit

222 3073 245 3104 ³¹
263 3071 293 3125 F.
314 3070 354 3126 Ta
381 3071 491 3140 frastra
514 3073 640 3142 loqueris.
683 3070 731 3127 Ex
848 3070 1029 3125 Fraticellius.

265 3155 364 3226 quibas
807 3155 829 3188 ³¹
847 3155 879 3207 A.
899 3155 930 3208 F.
948 3155 983 3208 H.
1002 3154 1032 3209 P.
1051 3155 1084 3207 V.
1105 3155 1248 3210 Gallenos!

280 3237 314 3292 A.
332 3255 415 3309 qaam
432 3241 471 3294 sis
488 3240 559 3295 alius
576 3243 610 3298 ab
628 3259 659 3297 eo
808 3241 832 3274 ³³
848 3241 879 3294 F.
898 3240 936 3295 ad
951 3241 1089 3295 scientiam
1114 3240 1316 3311 admiscendam

224 3325 246 3358 ²³
263 3325 297 3378 A.
316 3323 347 3376 F.
365 3355 399 3362 -
416 3323 524 3393 Reliqui
541 3327 669 3381 omittunt
687 3341 728 3381 se·
808 3326 830 3359 ³⁵
847 3325 880 3378 A.
899 3330 926 3380 et
943 3325 983 3379 ed.
997 3325 1098 3380 Fratic.
1111 3326 1224 3380 cacteris
1238 3325 1316 3396 prin-

264 3408 381 3465 cundum
399 3408 437 3463 ad
849 3409 954 3481 attritus
970 3394 1039 3465 'corut

222 3493 246 3528 ²³
262 3493 294 3548 L.
316 3493 349 3546 V.
377 3491 447 3548 citit
472 3510 611 3565 nonquam
638 3525 671 3534 -
695 3494 729 3548 A.
866 3494 935 3548 Edd.
953 3495 1055 3563 antiqu.
1072 3511 1127 3549 nort
1145 3495 1261 3566 coatiqit

262 3593 401 3649 nunquam
419 3577 526 3648 aliquid
867 3579 898 3632 L.
916 3580 1052 3653 copiditas
1069 3579 1117 3635 illa
1133 3580 1192 3635 sola

224 3665 248 3698 ³⁰
264 3663 308 3717 Ita
324 3663 353 3718 in
370 3664 502 3719 omnibns.
529 3664 587 3717 Iam
597 3663 660 3717 olim
671 3679 732 3718 cum

266 3833 287 3865 ¹⁷
304 3832 569 3887 AnrsronnnasEth.
583 3832 740 3888 Nicomach.
758 3833 792 3887 X.
813 3839 834 3888 1.
853 3834 987 3889 Translat.
1001 3840 1070 3888 ant:
1089 3835 1149 3901 „De
1157 3836 1200 3891 his
1209 3835 1316 3905 quidem

194 3902 266 3959 enim
275 3901 452 3968 qui“(quaelt
467 3901 512 3968 „in
521 3901 692 3970 passionibus
702 3906 730 3956 et
739 3902 898 3968 actionibus,
917 3918 1052 3957 sermones
1061 3905 1148 3958 minus
1160 3910 1223 3959 sunt
1233 3902 1317 3958 credi-

194 3967 427 4036 bilesoperibus.“
483 3969 696 4023 ²³⁰Psalm5⁰
707 3970 794 4030 (Ceth.
806 3974 933 4036 49)ν.16.
1004 3972 1315 4042 ³³‚‚pertempcra“,i.e.
1364 4019 1367 4024 .

195 4045 317 4159 tempore
334 4036 492 4105 incongruo.
563 4039 586 4071 ³²
603 4037 734 4092 Gnnnnus
751 4038 794 4092 De
817 4037 1009 4108 cognoscendis
1033 4040 1213 4109 curandisque
1234 4039 1317 4094 animi

195 4121 255 4162 mor
274 4105 297 4158 is
315 4118 374 4172 cap.
397 4109 435 4158 10.
454 4104 473 4158 f.
493 4119 560 4160 vers.
597 4105 648 4159 Ed.
667 4106 770 4160 Kanna
787 4107 819 4160 V.
837 4105 922 4158 Ὅπου
939 4103 993 4173 γὰρ
1012 4104 1052 4159 ἔτι
1069 4115 1208 4176 μεγίστων
1228 4103 1317 4160 ὄντων

194 4177 260 4233 (τῶν
282 4175 391 4236 παθῶν)
418 4169 598 4240 ἐκράτησενό
621 4173 752 4243 λογισμὸς
780 4169 954 4242 ἀγύμναστος
978 4172 1028 4238 ὢν,
1049 4177 1153 4244 μᾶλλον
1176 4175 1315 4247 κρατήσει,

196 4242 289 4305 διττῆς
322 4235 457 4309 ὑπεροχῆς
475 4237 504 4291 ἒν
521 4245 560 4308 τῷ
574 4241 671 4311 χρόνῳ
689 4243 891 4312 προγενομένης
909 4239 994 4309 αὐτῷ.
