2940 4808
228 308 287 370 tto
449 350 452 356 .
477 312 610 367 usuris
628 313 846 367 uernacula
864 313 913 367 rn.
932 313 959 367 o.
982 319 1021 368 ιε.
1041 319 1102 378 (ιε.)

226 485 331 550 oleata
351 504 489 566 namque
511 486 630 550 veritas
652 490 701 549 est
724 486 898 567 questionis
921 485 1017 568 illius,
1041 480 1104 566 qua
1123 488 1349 571 quaerebatur,

175 603 206 654 85
225 591 330 652 utrum
359 586 402 651 ad
432 588 510 653 bene
540 605 610 652 esse
645 587 755 651 mundi
788 587 1003 652 necessarium
1039 593 1125 652 esset
1153 589 1348 656 Monarchae

218 680 385 756 officium?
416 708 455 753 ae
477 688 563 753 illius
570 737 578 771 ,
608 708 673 770 qua
702 690 927 772 quaerebatur,
957 709 999 753 an
1024 690 1186 755 Romanus
1208 692 1349 775 populus

225 791 266 858 de
290 792 362 876 jure
391 790 562 872 Imperium
590 791 652 854 sibi
680 789 873 856 adsciverit?
911 812 969 856 nee
997 812 1058 856 non
1087 791 1174 856 illius
1202 792 1346 876 ultimae,

225 913 288 974 qua
317 894 543 975 quaerebatur,
573 912 614 956 an
641 893 834 957 Monarclrae
863 893 1037 958 auctoritas
1065 894 1192 976 aDeo,
1223 895 1276 957 vel
1303 896 1346 959 ab

223 995 288 1061 alio
317 994 511 1078 dependeret
538 993 744 1058 immediate?
783 995 873 1074 Quae
903 994 1030 1076 quidem
1065 994 1183 1060 veritas
1212 995 1347 1062 ultimae

172 1112 205 1162 eo
225 1096 419 1179 quaestionis
440 1116 504 1161 non
526 1095 572 1160 sic
594 1096 701 1160 stricte
723 1095 907 1180 recipienda
929 1102 992 1178 est,
1016 1102 1050 1160 ut
1071 1097 1233 1163 Romanus
1255 1097 1344 1162 Prin-

224 1218 299 1282 ceps
322 1199 354 1262 in
377 1198 484 1279 aliquo
509 1199 651 1263 Romano
673 1198 818 1264 Pontifici
846 1219 908 1264 non
931 1198 1112 1282 subjaceat;
1143 1218 1239 1280 quum
1261 1221 1345 1265 mor-

222 1300 298 1364 talis
327 1300 390 1365 ista
418 1299 554 1365 telicitas
583 1299 817 1381 quodammodo
848 1298 890 1363 ad
918 1299 1129 1366 immortalem
1155 1300 1343 1366 felicitatem

223 1399 394 1467 ordinetur.
444 1401 505 1464 llla
534 1401 630 1482 igitur
658 1402 837 1468 reverentia
864 1402 984 1467 Caesar
1005 1407 1112 1466 utatur
1139 1401 1181 1464 ad
1203 1403 1346 1486 Petrum,

224 1523 287 1584 qua
308 1502 537 1585 primogenitus
558 1502 641 1567 filius
658 1503 754 1569 debet
768 1504 814 1567 uti
829 1503 873 1568 ad
886 1509 1024 1588 patrem,
1048 1509 1083 1567 ut
1104 1503 1175 1568 luce
1189 1511 1343 1587 paternae

172 1621 203 1671 95
222 1604 346 1686 gratiae
374 1604 565 1688 illustratus,
594 1605 765 1670 virtuosius
795 1606 903 1671 orbem
930 1611 1033 1670 terrae
1055 1604 1200 1687 irradiet,
1227 1606 1278 1670 eui
1300 1607 1344 1671 ab
1421 1616 1424 1621 ⁴

222 1704 284 1771 Illo
307 1705 375 1771 solo
398 1706 577 1790 praefectus
600 1712 656 1790 est,
681 1707 735 1788 qui
757 1713 806 1772 est
821 1706 959 1772 omniurn
981 1705 1191 1789 spiritualium
1215 1712 1247 1771 et
1261 1711 1341 1773 tem-

221 1807 380 1891 poralium
402 1808 603 1890 gubernator.

250 1957 272 1990 ⁸⁵
290 1958 318 2010 F.
336 1957 369 2010 H.
388 1957 425 2010 M.
443 1957 474 2010 P.
492 1956 525 2009 V.
547 1987 577 1994 —
600 1955 632 2008 L.
652 1960 679 2010 et
697 1955 755 2010 edd
876 1966 916 2010 cst
932 1989 965 1994 —
976 1957 1007 2010 F.
1026 1974 1081 2012 noa
1098 1960 1138 2012 εἰσ
1154 1960 1247 2013 stricto
1265 1959 1345 2014 artel-

290 2038 468 2094 Moaarcla'ae
486 2042 678 2111 afficiam-a
696 2041 756 2095 eod.
877 2043 986 2114 ltpeada
1004 2053 1044 2095 est
1060 2074 1094 2103 ,-
1116 2044 1148 2097 Η.
1168 2061 1217 2098 acc
1233 2044 1273 2098 εἰσ
1290 2050 1341 2097 str.

290 2126 322 2177 A.
359 2126 458 2178 absunt
498 2126 588 2179 omnia
628 2125 689 2180 inde
722 2127 756 2179 ab
876 2129 960 2199 remp.
980 2137 1019 2181 ast

289 2217 380 2263 atrum
398 2226 484 2278 usque
506 2211 540 2264 ad
563 2228 599 2264 aa
616 2210 757 2265 Rornanas
835 2213 859 2246 ⁹³
876 2212 906 2265 F,
925 2212 981 2267 Jtta
998 2229 1064 2283 arpo
1082 2214 1232 2266 retra-ania

248 2295 269 2326 ⁸⁷
288 2296 321 2347 A.
340 2293 489 2365 Irrqrcrr'am
510 2297 564 2350 sibi
580 2297 756 2366 adquisiverit
834 2298 856 2331 ⁰⁵
874 2298 905 2350 F.
925 2299 954 2351 L.
976 2300 1024 2368 qra'
1040 2299 1073 2352 ab
1092 2296 1138 2351 ttto
1156 2297 1215 2351 solo

288 2411 322 2417 —
356 2380 390 2433 Η.
418 2379 570 2434 Romuleam
602 2380 673 2452 Imp.
705 2382 758 2436 stat·
833 2382 856 2414 ⁹⁶
874 2384 923 2451 qai
935 2389 974 2435 cst
984 2382 1150 2436 desideratur
1167 2382 1195 2434 in
1214 2382 1273 2436 cod.
1283 2382 1342 2436 Pal.

289 2465 388 2520 (adscit).
670 2497 673 2506 ·
834 2467 858 2500 ⁰⁷
876 2467 906 2521 F.
925 2469 1114 2538 temporalium
1130 2468 1297 2538 puberrtator
1314 2475 1342 2522 et

249 2550 271 2584 ⁸⁸
288 2551 320 2603 A.
340 2567 376 2604 aa
393 2549 571 2606 Monarcla'ac
589 2552 739 2605 arroteritae
874 2559 964 2607 rector
983 2584 1011 2591 -
1036 2554 1065 2606 P.
1085 2553 1342 2625 temporalr'amfflt·

248 2633 272 2691 ⁹9
289 2635 321 2688 A.
346 2652 401 2689 rroa
425 2636 464 2689 sic
487 2636 578 2690 stricte
595 2637 755 2706 autquarta
875 2638 1017 2692 bernatore

289 2789 312 2824 ⁹⁴
330 2787 370 2843 ef.
387 2788 529 2841 Aucroars
547 2787 689 2856 epistolam
701 2788 734 2842 ad
748 2803 824 2857 reges
839 2797 865 2843 et
876 2790 962 2858 princ.
976 2794 991 2856 ᾗ
1005 2796 1048 2844 lb:
1068 2792 1137 2856 „Hic
1148 2796 1196 2854 est,
1215 2804 1306 2859 quem.
1318 2833 1339 2845 ..

221 2855 296 2909 Petri
313 2871 455 2910 successor
472 2856 532 2909 luce
550 2857 716 2924 apostolicae
733 2857 928 2912 benedictionis
946 2859 1090 2924 illuminat,
1115 2866 1157 2926 ut,
1179 2859 1226 2912 ubi
1248 2858 1341 2914 radius

221 2923 368 2993 spiritualis
388 2940 441 2978 non
460 2923 568 2986 sufficit,
586 2924 625 2977 ibi
642 2924 769 2992 splendor
786 2925 895 2980 minoris
913 2927 1051 2982 luminaris
1069 2927 1212 2982 illustret.“
