2940 4808
467 308 676 365 EDITIONUM
694 307 829 364 sulinos.
1153 305 1229 361 LXV

184 490 186 495 '
211 486 301 550 1618.
335 482 558 548 Scunnmnun
580 483 688 548 tertia:

601 641 734 726 Sylloge

584 752 754 818 Historioo-

546 861 788 945 politico-eoele-

597 971 734 1045 siastioa

587 1083 656 1148 Hoo
679 1091 743 1149 est:

462 1193 621 1259 variorum
643 1199 807 1258 auotorum
830 1214 880 1260 su·

309 1304 487 1387 perioribus
509 1304 625 1369 seculis
647 1303 769 1386 aliquot
791 1305 845 1386 qui
867 1305 1023 1383 vixerunt,

230 1412 271 1479 de
293 1412 475 1481 discrimine
497 1412 666 1496 potestatis
687 1413 869 1496 Imperialis
892 1420 923 1479 et
946 1414 1103 1479 Eoolesia·

91 1525 213 1610 stioae,
236 1524 480 1608 imperialisque
495 1523 726 1607 praeeminenti
734 1524 956 1591 iurisdictione
974 1530 1006 1590 et
1021 1525 1224 1592 auctoritate:

208 1633 235 1675 do
249 1632 339 1685 lmperii
353 1632 448 1675 Romani
463 1632 489 1674 ad
506 1632 628 1675 Germanos
643 1631 800 1674 translatione:
820 1632 848 1674 do
863 1631 949 1674 iuribus
964 1633 1027 1685 regul
1043 1633 1061 1675 dt
1075 1632 1120 1675 lm-

344 1711 443 1794 perii3
473 1710 514 1777 de
536 1709 760 1776 Commentitia
782 1709 983 1781 Constantini

535 1818 719 1902 donatione,
743 1822 798 1887 &a

469 1996 476 2007 ,
498 1931 668 1995 Tractatus
690 1931 827 2014 aliquot:

381 2058 513 2121 quorum
536 2040 717 2123 catalogum
739 2060 810 2106 oum
832 2048 952 2124 tempo-

248 2148 302 2232 ris,
327 2168 388 2231 quo
411 2150 529 2233 singuli
551 2150 658 2234 soripti
681 2157 763 2232 sunt,
788 2150 1005 2234 adnotatione,
1029 2173 1087 2236 pa·

198 2258 275 2342 gina
297 2278 412 2325 auersa
433 2266 598 2342 monstrat,
622 2260 748 2327 oolleoti
770 2263 799 2328 du
820 2262 1011 2328 oouinnotim
1035 2261 1130 2328 editi:

656 2374 677 2434 a

458 2479 589 2545 Simone
610 2478 765 2546 Sohardio
786 2480 873 2546 ICto.

196 2587 285 2673 Opus
313 2589 460 2656 omnibus
487 2608 585 2655 verae
613 2591 815 2673 antiquitatis
843 2599 875 2658 ot
902 2593 1056 2675 antiquae
1082 2610 1134 2658 ve·

10 2701 102 2748 nitatis
119 2697 237 2749 studiosis,
252 2697 314 2740 iteca
325 2697 433 2750 imprimis
442 2697 587 2750 temporibus,
603 2705 680 2741 eontra
690 2698 777 2751 Papelis
786 2700 903 2751 potestatis
912 2707 1097 2753 propugnatores,
1109 2700 1292 2753 imperatortatq.

186 2773 326 2817 auctoritatis
341 2780 506 2826 contemptores
521 2773 539 2816 a
553 2774 701 2817 conuulsores
716 2775 776 2817 lectu
791 2775 809 2817 tc
824 2776 915 2828 cognitu
930 2776 1025 2818 maxime
1040 2787 1148 2819 neeessa-

586 2851 643 2893 rium
657 2850 675 2892 ilc
690 2852 750 2894 utile.

286 2927 479 2994 Subiunetus
502 2936 551 2994 est
573 2930 673 2995 index
696 2949 799 2995 rerum
823 2937 855 2994 et
876 2931 1046 2996 verborum

389 3040 643 3104 memorabilium
665 3040 944 3123 locupletissimus.

551 3150 626 3214 Luo.
651 3152 701 3214 22.
725 3153 776 3215 25.

148 3255 335 3309 liegesgeutium
350 3256 495 3301 dominantur
509 3258 549 3306 ais,
565 3252 634 3309 aaut
648 3263 781 3308 potestatem
796 3257 880 3302 habeut
895 3260 916 3302 tn
932 3270 977 3309 eas,
993 3258 1089 3302 benefici
1103 3269 1187 3302 vocau-

514 3340 559 3376 tor:
574 3333 616 3375 llos
631 3341 705 3376 autern
721 3345 765 3376 uon
781 3334 822 3378 sic.

483 3410 627 3494 [Signum
649 3413 853 3498 typographi]

566 3592 772 3674 Argentorati

309 3700 496 3784 Sumptibns
518 3701 701 3768 Haeredum
724 3701 850 3767 Latzari
873 3703 1026 3769 Zetzneri.

471 3811 565 3877 Anno
588 3813 629 3876 M.
654 3811 718 3878 Dc.
741 3813 862 3877 XVlIl.

216 3987 256 4051 In
277 3986 363 4053 folio.
407 3989 624 4055 Monarchiam
646 3991 881 4072 amplectuntur
904 4011 935 4072 p.
960 3991 1116 4053 80-104.
