2940 4808
250 322 288 388 10
476 322 610 381 nauus
625 322 849 381 *moniacam
865 326 888 381 1.
907 326 935 382 o.
953 329 986 380 s..
997 329 1043 394 (a,
1061 333 1084 383 a.
1102 330 1147 394 (a.

248 495 354 579 quieto
376 494 445 568 slve
465 494 696 577 tranquillitate
717 496 807 581 pasis
828 495 871 561 ad
885 497 1047 582 proprium
1062 516 1153 564 suum
1169 516 1258 583 opus,
1280 500 1369 582 'quod

247 597 312 669 fatu
335 595 478 663 divinum
500 602 548 667 ast
571 594 675 681 (iuxta
689 597 785 664 illud:
807 598 970 682 „Minuisti
992 619 1064 667 eum
1085 601 1183 685 paulo
1205 601 1310 668 minus
1326 602 1368 669 ab

200 713 230 764 ιο
248 696 416 785 angolis‘),
446 697 607 766 liberrimo
630 703 733 782 atquo
761 696 913 763 facillime
938 717 973 764 se
1003 698 1108 765 habet.
1146 700 1239 769 Unde
1268 704 1368 777 mani

247 801 363 868 lasum
385 804 449 885 est,
477 800 563 882 qnod
584 820 650 886 pax
671 798 862 868 universalis
885 804 933 864 est
955 798 1109 883 optimum
1131 821 1255 888 eorum,
1286 825 1370 887 quas

248 902 291 969 ad
311 907 452 979 nostram
474 901 704 969 beatitudinem
726 900 919 969 ordinantur.
967 900 1049 968 Hino
1071 907 1129 986 est,
1154 903 1240 985 quod
1261 911 1370 991 pasto·

249 1004 336 1073 ribus
359 1003 399 1072 de
422 1023 545 1073 sursum
568 1001 690 1086 sonuit,
719 1022 783 1071 non
812 1001 961 1086 divitiae,
989 1023 1051 1071 non
1079 1004 1277 1091 voluptates,
1306 1024 1398 1078 non‘

248 1106 400 1190 bonores,
428 1127 493 1172 non
513 1104 678 1187 longitudo
701 1104 802 1188 vitae,
832 1125 896 1170 non
914 1104 1052 1188 sanitas,
1076 1124 1145 1185 non
1166 1106 1277 1188 robur,
1306 1125 1370 1174 non

201 1225 231 1275 15
249 1199 547 1296 pulchritudmflsed
568 1227 642 1292 pax
682 1205 788 1288 Inquit
812 1205 895 1272 enim
918 1205 1065 1272 eoelestis
1086 1206 1215 1273 militia:
1238 1206 1370 1290 „Gloria

247 1310 281 1376 in
295 1309 460 1376 altissimis
473 1309 553 1393 Deo,
576 1313 609 1376 et
622 1309 657 1374 in
670 1314 756 1376 terra
768 1327 835 1392 pax
850 1306 1030 1374 hominibus
1046 1307 1149 1377 bonae
1163 1307 1369 1381 voluntatis,“

246 1411 330 1478 Hino
352 1411 448 1478 etiam
470 1412 560 1494 „Pax
580 1408 704 1493 vobis“,
728 1409 822 1477 Salus
840 1408 1004 1477 hominum
1017 1410 1187 1478 salutabat.
1206 1482 1208 1487 s
1224 1411 1370 1477 Ducebat

249 1514 332 1581 enim
351 1533 512 1579 summum
528 1511 738 1594 Salinatorem,
760 1531 917 1592 summam
940 1511 1164 1587 salutationem
1181 1511 1368 1594 expiimero.

248 1618 349 1696 Quem
363 1614 492 1697 quidam
499 1635 619 1688 morem
627 1633 754 1682 servare
767 1614 935 1679 voluerunt
941 1612 1100 1696 Discipuli
1112 1613 1191 1698 ejus,
1206 1618 1238 1680 et
1249 1614 1370 1683 Paulus

198 1731 230 1782 20
247 1718 282 1785 in
302 1716 546 1783 salutationibus
568 1716 643 1798 suis,
666 1719 701 1780 ut
723 1713 869 1781 omnibus
889 1713 1089 1793 manifestum
1113 1735 1185 1782 esse
1205 1720 1319 1800 potest.

194 1890 196 1899 ,
220 1874 222 1893 2
332 1818 383 1884 Ex
404 1817 444 1885 iis
468 1836 542 1900 ergo
558 1836 641 1901 quae
656 1816 820 1884 declarata
841 1821 922 1898 sunt,
944 1820 1042 1900 patet,
1064 1836 1122 1899 per
1144 1815 1230 1898 quod
1245 1816 1368 1900 melius,

247 1920 313 2000 imo
341 1940 399 2005 per
430 1918 517 2003 quod
546 1919 665 2004 optime
693 1936 793 2000 genus
826 1917 997 1983 humanum
1028 1917 1180 2002 pertingit
1208 1918 1250 1983 ad
1288 1937 1369 2002 opus

119 2008 126 2018 ’
248 2021 418 2108 proprium.
470 2021 512 2086 Et
540 2041 598 2105 per
626 2038 822 2102 consequens
850 2018 955 2084 vistim
993 2023 1041 2084 est
1066 2019 1369 2103 propinquissimum

248 2123 404 2207 medium,
433 2144 490 2208 per
520 2120 604 2205 quod
626 2123 690 2186 itur
710 2121 744 2185 in
765 2118 860 2204 illud,
888 2119 931 2184 ad
953 2119 1039 2203 quod
1059 2119 1202 2186 velutin
1224 2120 1369 2186 ultimum

198 2235 230 2286 ts
247 2223 343 2291 finem
362 2224 467 2290 omnia
481 2228 589 2290 nostra
605 2243 703 2309 opera
717 2221 910 2306 ordinantur,
926 2222 1011 2305 quod
1026 2226 1076 2287 est
1089 2241 1154 2306 pax
1168 2221 1368 2306 universalis,

246 2345 330 2410 ‚quae
352 2346 409 2410 pro
431 2325 585 2410 principio
602 2325 759 2392 rationum
774 2323 1033 2406 subsequentium
1048 2328 1259 2408 supponatur;
1284 2321 1370 2406 quod

249 2431 318 2495 erat
338 2424 561 2512 necessarium,
584 2430 619 2491 ut
641 2425 760 2491 dietum
781 2424 851 2506 fuit,
874 2424 962 2492 velut
984 2424 1109 2508 signum
1125 2423 1312 2510 praefixum,
1335 2425 1369 2490 in

242 2528 336 2621 'quod
358 2527 514 2616 quidquid
534 2526 733 2614 probandum
756 2532 813 2610 est,
835 2528 1022 2611 resolvatur,
1044 2530 1196 2610 tanquam
1218 2527 1251 2592 in
1267 2527 1367 2593 mani·

248 2630 452 2699 festissimam
474 2629 649 2697 veritatem.

657 2795 781 2886 lCAPUT
801 2817 834 2865 v.
857 2794 960 2884 luit]

244 2914 247 2921 ¹
332 2914 541 3003 Resumentes
555 2933 651 3023 igitur
666 2932 753 3016 quod
767 2931 953 3019 aprinoipio
969 2930 1369 3025 dicebatur,t1iamaxime

243 3035 443 3120 dubitantur,
466 3040 498 3102 et
520 3035 665 3101 dubitata
688 3037 881 3118 quaeruntur
902 3033 986 3100 eirea
1006 3033 1223 3102 Monarchiam
1247 3039 1367 3118 tempo

239 3238 241 3245 y
275 3173 297 3204 ¹⁰
314 3169 347 3223 A.
357 3167 534 3240 postaapela's
546 3169 620 3224 addit
628 3169 719 3240 ploria
732 3173 780 3222 etc.
858 3168 881 3201 ²⁵
897 3167 967 3223 Edd.
986 3158 1078 3240 opera
1088 3161 1183 3223 nostra
1260 3236 1263 3243 Ι

273 3252 296 3286 ¹⁵
312 3253 346 3307 A.
361 3253 399 3308 ‘H.·
417 3259 443 3308 et
456 3252 514 3309 edd.
532 3269 582 3308 neo
600 3253 740 3330 lonqitudo
900 3253 930 3307 P.
950 3284 980 3293 -
999 3252 1095 3324 reliqui
1112 3252 1177 3325 qaia
1193 3258 1234 3307 est
1246 3264 1312 3325 pax

857 3337 881 3371 ²⁷
897 3337 932 3392 Η.
952 3337 1024 3394 velut
1040 3339 1119 3410 siquo
1132 3337 1294 3410 praefixam

240 3430 243 3437 ’
275 3423 296 3456 ²⁷
312 3422 344 3487 P.
361 3414 436 3477 Hinc
453 3427 480 3476 et
497 3420 563 3477 Pax
835 3423 899 3492 Cap.
918 3423 951 3477 V.
990 3423 1087 3478 ¹L.P.
1106 3422 1239 3478 -Δ.Η.
1258 3421 1297 3477 Μ.
1316 3422 1368 3478 Re-

274 3496 296 3541 s'
312 3504 344 3563 F.
356 3506 491 3561 'summam
508 3498 622 3561 salutem
640 3521 720 3577 conpr.
901 3523 1008 3563 maleas
1020 3509 1146 3581 ipitur-
1156 3506 1189 3562 V.
1197 3507 1369 3564 Resumenta's

271 3593 294 3626 ²¹
313 3591 427 3647 Turrius
443 3596 470 3645 et
485 3591 610 3660 ¹quidum
627 3596 784 3660 sequuntur,
901 3593 937 3665 iq.
955 3623 989 3633 -
1006 3590 1039 3648 F.
1057 3592 1237 3648 Reussamens
1249 3605 1315 3664 erqo
1334 3623 1369 3634 -

270 3732 272 3739 ,
316 3675 523 3734 adversantibus
547 3675 622 3731 libris
647 3676 785 3742 mstis,a
901 3679 946 3733 An
963 3678 1139 3741 Resamaale'?

244 3794 247 3799 -
315 3761 405 3816 verbis
414 3759 463 3816 Ea
471 3762 579 3832 tiserqo
592 3765 785 3833 novnmoaput
868 3764 934 3818 2Μ.
950 3765 1107 3834 pomanus
1123 3765 1198 3821 eirca

317 3849 443 3914 (sextum)
459 3845 600 3915 incipiunt.

274 3932 298 3966 ²³
314 3931 350 3986 A:
372 3932 446 3987 odas
471 3935 513 3984 est
531 3931 784 4003 propinquissimus

239 4012 241 4017 ⁴
317 4012 422 4080 moden,
434 4032 580 4087 perquem
707 4014 709 4019 '

319 4115 462 4180 sasaim
479 4122 504 4171 8.
522 4135 546 4173 v.
566 4123 589 4185 6,
607 4118 664 4188 Ep.
683 4118 955 4174 adnotamus.
1027 4119 1048 4152 ¹⁸
1064 4118 1119 4172 Ev.
1138 4119 1268 4175 nucina.
1283 4136 1307 4174 v.
1330 4124 1368 4174 14.

240 4182 426 4306 ·l'v¹[lll}it{.
445 4189 487 4239 23.
505 4202 531 4238 v.
549 4189 592 4250 36,
610 4186 665 4242 liu.
683 4185 797 4241 Ionian.
816 4191 856 4241 ²0.
874 4202 898 4241 v.
918 4189 1016 4241 atto
1072 4268 1074 4272 7
1103 4187 1368 4259 ”EpadRom
