2940 4808
524 303 733 360 EDITIONUM
752 305 887 360 saulus.
1177 308 1267 361 LXIII

152 477 281 543 alterum
330 497 409 561 opus
448 479 632 559 nominans,
672 478 705 541 in
745 497 782 543 eo
822 478 883 543 sibi
923 479 1126 560 contradicit,
1167 480 1261 562 quod,

151 609 240 670 quum
263 589 296 652 in
309 587 485 671 „Gatalogo
507 586 701 653 authorum“
724 594 867 652 nostrum
889 608 974 654 anno
990 593 1091 671 1320,
1102 590 1260 657 Iohannis

151 718 221 765 vero
257 698 298 763 de
330 698 461 764 ParisiIs
493 704 662 763 tractatum
697 697 737 762 de
767 704 927 780 potestate
957 700 1058 782 Regia
1091 707 1122 765 et
1149 700 1263 784 Papali

150 829 230 874 anno
256 811 347 872 1322.
370 809 581 891 assignasset,
609 807 660 872 hio
689 808 879 873 contrariam
906 815 1034 875 tueatur
1062 811 1263 892 sententiam,

150 919 195 985 his
216 918 341 985 verbis:
371 967 390 999 ‚,
398 919 498 994 Quam
520 917 631 984 solidis
659 937 698 982 ac
719 917 818 983 firmis
839 919 1016 985 rationibus
1037 920 1202 1002 Parrisius,
1233 928 1265 986 et

151 1037 236 1113 post
258 1049 341 1095 eum
365 1031 497 1112 Dantes,
522 1079 529 1094 .
554 1078 561 1093 .
586 1078 592 1093 .
619 1028 849 1094 Thrasonicam
879 1028 1071 1113 pontificum,
1101 1049 1136 1096 se
1158 1031 1263 1113 Impe-

152 1139 301 1205 ratoribus
339 1138 587 1222 praeferentium
625 1139 808 1222 superbiam
846 1138 1041 1222 redarguit.“
1096 1139 1261 1206 Caeterum

154 1250 253 1316 confer
276 1249 399 1315 dehac
420 1248 568 1329 editione,
593 1268 675 1330 quae
698 1249 836 1314 diximus
859 1270 890 1332 p.
913 1251 950 1314 V.
974 1250 1028 1314 VI.

232 1505 322 1568 1609.
356 1502 579 1568 Scuauurnuu
602 1503 719 1567 altera:

508 1671 686 1755 Syntagma
707 1678 897 1736 tractatuum

592 1782 641 1846 De
662 1781 820 1864 imperiali

519 1891 746 1967 iurisdIctione,
773 1892 884 1956 autho-

491 2001 584 2068 ritate
606 2008 638 2068 ct
658 2002 911 2085 praeeminentia

467 2132 505 2177 ac
527 2118 685 2195 potestate
708 2112 939 2177 ecclesiastica:

405 2222 507 2304 deque
529 2222 654 2288 Iuribus
676 2221 779 2304 Regni
802 2228 833 2288 et
854 2222 1001 2306 Imperii3

516 2332 693 2397 Authornm
716 2332 885 2412 variorum,

431 2443 582 2525 quiante
603 2449 744 2508 nostram
767 2448 904 2509 aetatem
928 2441 972 2506 vi-

365 2560 495 2620 xerunt:
525 2572 656 2635 quornm
679 2553 810 2619 nomina
833 2560 864 2618 et
885 2551 1037 2635 temporis

107 2647 111 2651 ⁹
152 2681 203 2745 qno
223 2665 417 2748 scripserunt
437 2663 643 2745 notationem,
659 2662 840 2746 Catalogus,
855 2662 1176 2728 anthedicatoriam
1186 2663 1260 2748 Epi·

473 2773 588 2838 stolam
612 2773 742 2855 positus,
766 2780 925 2838 recenset:

426 2881 514 2966 Opus
535 2903 600 2948 non
623 2883 724 2948 solum
747 2883 828 2949 Iuris
850 2883 972 2966 peritis,

342 2993 400 3061 scd
423 3001 455 3060 et
476 2993 634 3076 theologis
656 3013 694 3058 ac
716 2993 882 3077 historicis,
906 2993 1052 3075 adeoque

174 3103 272 3146 omnihus
286 3103 385 3146 veritutIs
400 3103 505 3154 antiquae
519 3101 632 3151 studIesis
648 3102 691 3144 hec
705 3102 835 3154 praesertim
850 3101 936 3151 secuto,
956 3101 1016 3144 lectu
1031 3111 1057 3144 ac
1072 3102 1163 3154 cognitu
1178 3112 1228 3145 cum

440 3180 550 3264 primis
571 3181 649 3245 utile
672 3187 703 3245 ct
725 3180 954 3246 necessarium:

421 3289 498 3357 Oum
520 3289 626 3355 indice
647 3309 751 3356 rerum
774 3290 995 3357 memoranda-

562 3420 628 3464 rum
652 3401 835 3483 evulgatum

595 3511 798 3591 Argentorati

376 3620 557 3704 sumptibus
579 3620 692 3684 Lazari
715 3620 860 3685 Zetzncri
882 3619 1020 3704 Bibliop.

532 3731 626 3795 Anno
649 3729 691 3794 M.
715 3729 781 3795 DC.
804 3729 862 3795 IX.

253 3841 352 3907 uorro.
398 3839 487 3925 Opus
508 3847 650 3906 nostrum
673 3840 809 3916 habetur
830 3859 850 3904 a
871 3861 903 3924 p.
928 3844 977 3906 80.
1000 3840 1041 3904 ad
1070 3844 1136 3903 104.
