2940 4808
389 329 879 386 nnurrsuounnomnure.
901 333 1021 396 rcum
1083 309 1085 312 ‘
1134 313 1136 317 ’
1211 327 1300 390 139⁴

150 503 349 569 circulationi
364 507 529 584 sequatur;
552 521 683 567 necesse
706 501 812 567 estad
827 502 896 586 hoc,
919 508 954 567 ut
975 503 1067 568 utilia
1084 502 1272 569 documenta

151 604 310 670 libertatis
333 608 364 675 et
385 604 476 687 pacis
500 603 664 671 commode
686 604 765 671 locis
795 609 827 668 et
849 605 1044 687 temporibus
1073 607 1273 690 applicentur
1291 627 1321 677 6⁵

152 706 194 773 de
217 711 359 771 curatore
382 707 460 789 isto,
491 705 670 791 dispensari
699 707 739 770 ab
768 706 845 788 Illo,
877 706 931 789 qui
956 708 1089 772 totalem
1112 710 1273 774 coelorum

152 808 396 892 dispositionem
418 808 673 892 praesentialiter
700 807 845 874 intuetur.
891 808 951 873 Hic
979 814 1086 873 autem
1116 815 1164 874 est
1187 811 1273 876 solus

153 911 227 994 Ille,
258 910 313 991 qui
334 909 416 973 hanc
438 909 692 992 praeordinavit,
722 931 742 973 u

744 916 757 973 t
786 931 844 994 per
871 911 974 994 ipsam
1000 913 1072 995 Ipse
1100 911 1273 994 providens

151 1011 218 1076 suis
241 1011 405 1077 ordinibus
428 1030 574 1092 quaeque
597 1016 804 1077 connecteret.

237 1112 330 1192 Quod
353 1113 380 1177 si
402 1113 449 1176 ita
471 1117 528 1196 est,
551 1114 638 1179 solus
660 1112 750 1194 eligit
771 1115 875 1196 Deus,
898 1115 985 1179 solus
1007 1115 1076 1198 ipse
1100 1113 1271 1199 confirmat,
1290 1119 1322 1168 7⁰

153 1235 250 1296 quum
273 1215 467 1296 superiorem
481 1235 545 1280 non
564 1215 690 1280 habeat.
726 1214 777 1278 Ex
800 1234 862 1296 quo
878 1215 989 1281 haberi
1004 1221 1110 1297 potest
1131 1217 1272 1301 alteriue,

151 1314 239 1396 quod
266 1336 325 1381 nec
352 1315 406 1380 isti
435 1317 490 1397 qui
518 1336 614 1399 nunc,
650 1336 709 1381 nec
736 1316 793 1380 alii
824 1317 1049 1399 cujuscumque
1081 1318 1168 1385 modi
1197 1317 1274 1384 dicti

152 1418 270 1483 tuerint
299 1418 527 1502 Hectores,
559 1418 604 1482 sic
633 1417 762 1485 dicendi
790 1425 877 1501 sunt;
914 1418 991 1499 quin
1018 1419 1125 1502 potius
1154 1418 1272 1483 denun-

152 1520 287 1585 ciatores
311 1518 440 1584 divinae
463 1520 684 1604 providentiae
707 1526 780 1587 sunt
801 1518 950 1585 habendi.
996 1518 1089 1585 Unde
1111 1519 1162 1602 fit,
1187 1519 1274 1601 quod

153 1618 325 1701 aliquando
348 1621 511 1704 patiantur·
541 1621 723 1707 dissidium,
753 1622 868 1704 quibus
897 1619 1110 1686 denuntiandi
1132 1619 1272 1704 dignitas
1290 1625 1322 1674 75

154 1728 203 1789 est
225 1723 363 1787 indulta:
386 1723 438 1788 vel
462 1723 537 1804 quia
560 1745 678 1808 omnes,
702 1726 755 1790 vel
771 1723 846 1805 quia
862 1720 992 1804 quidam
1015 1743 1131 1805 eorum,
1155 1722 1274 1789 nebula

153 1823 336 1908 cupiditatis
360 1825 568 1908 obtenebrati,
592 1825 721 1892 divinae
738 1824 984 1910 dispensationis
1001 1823 1116 1890 faciem
1130 1844 1194 1890 non
1210 1823 1272 1888 dis·
1367 1868 1369 1872 »

153 1932 292 1992 cernunt.

239 2028 292 2094 Sic
321 2048 396 2111 ergo
426 2033 531 2114 patet,
562 2030 648 2110 quod
670 2026 841 2097 auctoritas
863 2027 1049 2113 temporalis
1071 2027 1273 2109 Monarchae,

152 2131 221 2196 sine
249 2131 315 2195 ullo
344 2132 466 2215 medio,
496 2132 529 2196 in
558 2133 662 2216 ipsum
686 2131 725 2196 de
754 2133 841 2198 fonte
863 2130 1052 2195 universalis
1076 2127 1273 2193 auctoritatis
1292 2134 1323 2184 8⁰

153 2231 326 2298 descendit.
371 2234 433 2312 Qui
456 2233 585 2315 quidem
607 2234 693 2316 lom,
720 2233 753 2298 in
775 2252 848 2297 arce
871 2252 948 2298 suae
970 2229 1187 2314 simplicitatis
1205 2229 1272 2292 uni-

153 2340 218 2418 tus,
242 2325 275 2398 in
297 2334 490 2418 multiplices
513 2337 624 2401 alveos
646 2335 749 2401 influit
772 2332 1031 2401 exabundantia
1054 2331 1213 2398 bonitatis.

237 2435 279 2499 Et
297 2436 366 2518 jam
389 2436 467 2500 satis
490 2436 615 2527 videor,
639 2442 757 2503 metam
772 2436 928 2518 adtigisse
949 2433 1155 2520 propositam.
1189 2432 1272 2496 Enu-

180 2639 203 2670 θ’*
219 2638 304 2692 Editt.
336 2637 542 2692 circumlatrent.
569 2638 688 2706 Uterque

221 2723 367 2776 translator
401 2722 567 2776 rerriuersalia
606 2723 688 2778 doca-

220 2813 310 2858 raeuta
327 2806 459 2861 libertatis
469 2808 566 2875 legisse
575 2807 686 2861 videtur.

180 2891 205 2923 ⁶⁶
222 2890 364 2958 Sequimur·
386 2892 538 2946 unanimem
567 2892 688 2947 codicum

222 2964 403 3029 consensum.³
424 2977 499 3031 Unus
518 2977 549 3031 P.
566 2982 615 3045 pro
633 2975 688 3030 Illo

221 3059 383 3114 hebetatio.
407 3090 440 3098 -
463 3061 574 3116 Ficinus
596 3062 620 3126 (i
643 3078 688 3115 rre-

221 3146 410 3199 cessaria...
437 3144 486 3200 cite
512 3152 606 3216 quiesto

221 3228 399 3298 Iraperadore
420 3231 462 3283 sia
476 3231 521 3292 cla
540 3229 618 3285 Colui
633 3231 689 3302 spi·

220 3319 281 3367 rato
299 3315 365 3381 ecc.)
378 3330 427 3383 pro
446 3315 601 3384 dispensari
615 3315 688 3370 vide·

222 3403 266 3450 tur
284 3398 379 3465 legisse
398 3400 532 3469 inspirari
547 3429 580 3438 —
601 3399 687 3452 Editt.

222 3482 403 3552 applicentur,
423 3485 474 3536 ista
485 3483 641 3555 dispensari
655 3485 689 3539 ab

223 3567 270 3621 illo
283 3573 409 3620 curatore
422 3569 471 3637 qui
482 3574 527 3623 tot.
539 3598 572 3607 -
581 3569 689 3622 Mallem

222 3668 239 3703 a
258 3667 314 3705 aar.
333 3652 393 3715 isto,
411 3668 442 3705 ea
461 3652 531 3722 disp.

179 3737 202 3768 ⁰⁷
220 3735 252 3791 F.
292 3736 411 3790 totaliter
452 3737 579 3790 intuetur.
628 3736 690 3792 Hoc

223 3828 312 3874 autem

180 3905 205 3936 ⁶⁸
223 3903 404 3969 Recentiores‚
423 3905 512 3959 nescio
523 3905 690 3973 quaratione

224 3988 305 4056 ducti,
319 3989 445 4043 omittunt
464 3989 535 4060 Ipse,
554 3989 689 4058 quodtcm

224 4073 301 4127 codd.
320 4073 432 4140 habent,
451 4090 530 4142 quarn
548 4075 623 4129 editt.
642 4090 690 4129 an-

223 4158 321 4225 tiquae.

182 4241 207 4275 ⁶⁹
224 4241 256 4294 V.
277 4259 400 4312 quaeque
417 4246 566 4299 concitaret

765 2639 789 2670 ⁷²
805 2637 838 2690 A.
857 2638 903 2690 isti
919 2637 968 2705 qui
984 2652 1056 2689 uram
1073 2641 1137 2693 rura

766 2723 789 2754 ⁷³
806 2721 877 2775 Edd.
903 2727 999 2774 contra
1022 2719 1174 2772 unanimem
1199 2717 1272 2772 codi-

807 2803 1272 2860 cumconsensumetFiciniaucto-

807 2891 916 2945 ritatem
943 2891 985 2954 (rel
1011 2889 1078 2942 altri
1101 2887 1150 2942 cle
1173 2889 1229 2941 ruci
1249 2889 1275 2941 si

807 2977 881 3030 sieao
900 2975 967 3029 detti
975 2974 1116 3038 Elettorit:
1134 2974 1201 3028 alieti
1210 2979 1275 3027 surii

809 3060 947 3115 Electores

767 3146 789 3178 ⁷⁴
807 3144 875 3198 Edd.
895 3145 976 3211 antiq.
1003 3145 1212 3198 (lerrurrciatores
1234 3142 1274 3197 at-

808 3231 887 3283 uiuae
897 3229 1062 3300 prudentiae

766 3316 788 3348 ⁷⁰
806 3314 840 3368 H.
851 3314 924 3369 britta
941 3313 1099 3384 cupiditatis
1108 3313 1277 3368 obtenebrati

767 3401 790 3432 ⁸⁰
807 3401 840 3453 V.
858 3401 886 3453 ia
904 3400 991 3470 pisata
1010 3398 1064 3452 Dei
1078 3396 1183 3465 fontem

826 3485 857 3537 P.
875 3483 1036 3537 uniuersalis
1054 3482 1195 3551 diprzr'tatis

768 3570 789 3601 ⁸¹
808 3568 839 3626 F.
851 3569 1076 3622 iuaureolasuac
1093 3566 1276 3641 simplicitatis

768 3654 790 3686 ⁸²
807 3654 839 3706 P.
864 3654 959 3706 unitur
986 3654 1014 3706 iu
1038 3651 1276 3722 multiplicationes

810 3738 879 3792 alios
896 3738 987 3791 alueos

827 3823 940 3886 divinae,
952 3821 1024 3889 quod
1033 3827 1095 3889 post
1108 3820 1275 3875 alrrrrdarrtia

809 3907 937 3961 territatis
961 3906 1063 3959 addunt
1080 3906 1164 3968 editt,
1189 3920 1274 3974 neque

808 3990 836 4043 in
856 3990 931 4044 codd.
950 3992 1079 4055 habetur,
1098 4005 1184 4059 neque
1201 3989 1275 4058 apud

808 4074 933 4128 Ficinum
951 4080 978 4130 et
994 4075 1106 4144 interpr.
1125 4091 1204 4130 anon.

768 4161 790 4193 ⁸³
809 4159 873 4214 Cod.
892 4160 950 4216 Pal.
969 4161 1031 4215 novi
1049 4160 1146 4230 capitis
1168 4161 1275 4216 initium

808 4243 928 4298 indicare
944 4245 1057 4301 ridetur.
