2940 4808
199 319 241 382 38
504 317 639 373 DANTIS
657 318 876 374 MONAROHIA
891 319 925 373 Π.
944 335 966 374 c.
987 325 1008 372 1.

200 492 384 561 medullitus
412 494 520 559 oculos
550 492 666 558 mentis
693 490 798 575 infixi,
835 495 867 556 et
894 512 952 576 per
980 490 1199 557 efficacissima
1229 491 1320 573 signa

201 594 342 660 divinam
364 593 598 679 providentiam
613 593 675 660 hoc
697 592 841 659 effecisse
864 593 1013 677 cognovi,
1036 593 1246 660 admiratione
1270 614 1318 659 ce-

201 697 312 776 dente,
336 695 475 762 derisiva
498 694 656 777 quaedam
678 693 860 779 supervenit
882 694 1059 779 despectio,
1089 714 1185 777 quum
1207 699 1320 776 gentes

151 819 182 870 15
200 797 342 864 noverim
371 801 479 863 contra
512 797 648 864 Romani
682 795 793 881 populi
828 796 1110 879 praeeminentiam
1143 796 1319 879 fnemuisse,

201 909 298 982 quu'm
326 899 453 964 videam
487 900 622 984 populos
649 918 733 963 vana
761 895 968 979 meditamen,
1003 903 1037 961 ut
1065 899 1135 982 ipsc
1165 898 1318 982 solebam,

201 1020 295 1084 quum
318 1000 447 1085 insuper
470 1000 610 1084 doleam,
634 1001 738 1081 Reges
761 1002 792 1063 et
812 997 978 1080 Principes
997 999 1040 1063 vin
1062 1000 1123 1065 hoc
1145 999 1224 1066 vitio
1248 1020 1318 1066 con-

201 1102 383 1185 cordantes,
406 1107 440 1165 ut
461 1099 669 1168 adversentur
682 1099 820 1166 Domino
844 1117 911 1182 suo,
935 1104 966 1165 et
987 1100 1080 1165 unico
1102 1120 1160 1166 suo
1175 1100 1319 1168 Romano

200 1203 348 1288 Principi.
393 1203 528 1286 Propter
556 1203 642 1284 quod
670 1200 825 1284 derisive,
854 1220 918 1265 non
947 1199 1015 1267 sine
1037 1200 1147 1267 dolore
1170 1202 1319 1286 quodam,

149 1327 182 1379 so
201 1325 271 1373 cum
293 1305 367 1370 illo
392 1304 529 1369 clamare
551 1324 680 1388 possum
708 1324 765 1388 pro
793 1301 912 1386 populo
935 1300 1074 1381 glorioso
1104 1306 1137 1367 et
1158 1324 1216 1387 pro
1240 1304 1319 1370 Gae-

200 1427 286 1491 sare,
317 1405 371 1487 qui
392 1424 449 1490 pro
478 1405 625 1489 Principe
648 1405 739 1471 Coeli
767 1403 943 1469 clamabat:
977 1404 1102 1487 „Quare
1127 1404 1321 1469 fnemuerunt

200 1513 320 1591 gentes,
345 1511 377 1572 et
390 1506 501 1590 populi
516 1506 661 1572 meditati
683 1509 756 1571 sunt
776 1504 908 1569 inania?
930 1503 1130 1570 Adstiterunt
1144 1523 1236 1587 reges
1258 1511 1318 1571 ter-

152 1649 157 1663 )
199 1631 269 1693 rae,
293 1614 325 1676 et
343 1607 503 1692 principes
532 1613 747 1675 convenerunt
767 1607 801 1671 in
822 1625 935 1690 unum,
961 1607 1115 1673 adversus
1137 1605 1318 1691 Dominum,

200 1717 232 1776 et
253 1710 406 1775 adversus
428 1708 587 1776 Christum
611 1707 710 1793 ejus.“

148 1838 181 1889 25
284 1810 402 1877 Verum
426 1809 515 1895 (quia
536 1811 691 1877 naturalis
716 1830 805 1876 amor
827 1808 1007 1874 diuturnam
1035 1830 1104 1877 esse
1127 1808 1319 1877 derisionem

200 1932 263 1978 non
284 1911 419 1998 patitur,
442 1914 500 1981 sed
521 1919 556 1978 ut
577 1917 625 1981 sol
648 1911 804 1995 aestivus,
828 1911 883 1993 qui
905 1910 1048 1994 disjectis
1070 1911 1195 1976 nebulis
1218 1919 1318 1976 matu-

199 2013 274 2080 tinis
296 2014 402 2081 oriens
424 2016 602 2083 luculentus
624 2013 772 2096 irradiat,
797 2012 954 2080 derisione
976 2011 1103 2095 omissa,
1126 2013 1231 2079 lucem
1253 2033 1318 2080 cor-

229 2249 250 2281 ¹⁰
266 2247 300 2303 L.
318 2266 389 2303 carra
407 2251 509 2321 quippe
527 2251 595 2306 rned.
810 2247 833 2278 ²⁰
850 2245 941 2300 Verba
956 2263 1011 2317 pra
1024 2246 1132 2318 populo
1157 2278 1191 2286 —-
1214 2248 1319 2302 clana-

227 2334 248 2366 ¹⁷
265 2332 298 2386 F.
315 2332 349 2386 H.
367 2332 400 2388 L.
417 2334 447 2386 P.
457 2363 491 2374 —
505 2333 542 2388 M.
561 2336 589 2388 tn
607 2333 659 2390 troc
675 2336 731 2389 nin·
853 2331 899 2386 hat
917 2330 1015 2386 desunt
1033 2332 1061 2385 in
1079 2331 1110 2384 F.

199 2437 203 2448 ¹
267 2416 330 2472 coto
348 2446 379 2456 -
392 2417 424 2470 A.
442 2417 475 2472 V.
495 2423 522 2472 et
540 2418 611 2472 Edd.
630 2423 684 2472 ant.
703 2419 731 2472 tn
868 2415 904 2469 M.
922 2417 971 2486 pto
989 2416 1105 2470 Caesare

265 2500 317 2557 troc
333 2503 415 2556 antco
425 2531 460 2541 -
474 2501 549 2555 Frat.
566 2503 594 2556 tn
608 2500 660 2555 troc
676 2517 732 2554 nno
811 2501 834 2532 ²⁵
850 2499 885 2553 H.
903 2501 1066 2554 naturaliter

228 2586 250 2618 ¹⁸
266 2586 305 2639 M.
328 2586 531 2641 concordant
555 2586 613 2640 adn.
640 2615 672 2625 —
698 2585 731 2638 F.
809 2585 832 2618 ²⁶
849 2583 882 2638 L.
907 2585 937 2638 P.
962 2585 1074 2657 desectis
1097 2587 1202 2642 cretatis
1226 2617 1256 2625 -
1285 2587 1317 2640 A.

267 2671 476 2738 concordantes,
494 2687 549 2725 non
566 2679 598 2724 nt
614 2670 675 2725 ado.
851 2669 964 2724 desertis
980 2672 1038 2725 neb.
1083 2657 1121 2743 ⁶,

283 2759 316 2809 A.
334 2755 368 2811 Η.
386 2756 419 2810 L.
437 2756 474 2810 M.
496 2755 527 2810 V.
547 2759 574 2811 et
591 2755 679 2810 Ficin.
698 2784 732 2795 -
810 2756 833 2787 22
850 2755 884 2808 A.
904 2755 991 2809 acatis
1007 2759 1066 2825 (pro
1086 2756 1184 2816 orrens)

266 2839 298 2893 F.
317 2838 347 2894 P.
366 2847 393 2895 et
409 2840 480 2895 Edd.
498 2841 600 2909 antiqu.
618 2845 700 2894 uncto
868 2838 899 2891 F.
917 2839 951 2891 H.
968 2840 1000 2893 L.
1019 2840 1058 2893 M.
1080 2841 1112 2894 P.
1130 2840 1164 2894 V.
1188 2869 1223 2879 —
1240 2840 1272 2893 A.
1291 2846 1318 2893 et

846 2923 1319 2980 Edd.tacntenter.Anlncatenttns?

199 3144 257 3182 mos
274 3144 360 3206 usque
378 3128 413 3182 ad
429 3128 501 3208 fines
518 3129 590 3184 orbis
607 3127 772 3194 invadendo,
790 3127 968 3208 expugnando
986 3132 1014 3181 et
1028 3127 1212 3206 subjiciendo,
1232 3132 1260 3181 et
1276 3129 1317 3181 in·

199 3195 320 3250 terfectrs
343 3196 385 3250 vel
407 3202 516 3251 remotis
539 3196 672 3264 Regibus,
697 3210 790 3251 eorum
812 3209 941 3264 regnam
958 3211 1110 3264 provmcras
1128 3195 1273 3263 redigendo
1292 3199 1318 3250 et

200 3264 250 3318 sub
269 3279 348 3317 suum
362 3264 456 3332 jugum
474 3271 501 3318 et
524 3265 666 3336 imperium
690 3262 862 3318 coercendo.“
887 3293 919 3302 -
942 3263 982 3316 Of.
1001 3264 1143 3318 Aueronrs
1163 3264 1319 3319 convivium

199 3330 247 3385 IV.
267 3336 283 3385 4
302 3330 452 3398 „Potrebbe
469 3332 569 3387 alcano
587 3332 730 3398 cavillare,
747 3330 862 3385 dicendo
880 3329 928 3384 che
947 3373 953 3384 .
973 3371 978 3383 .
999 3373 1003 3383 .
1023 3371 1029 3381 .
1049 3331 1077 3385 ta
1092 3349 1207 3386 romana
1219 3339 1318 3403 poten-

199 3401 245 3521 t‘t
261 3400 519 3521 ''Rittsdwte’
537 3399 1092 3522 nntunttrutannus
1107 3401 1142 3470 s²‘
1156 3416 1190 3502 ‘1¹0⁶
1210 3401 1318 3522 22222

199 3485 320 3590 auctdris
336 3468 403 3590 Arde
416 3511 437 3589 a'
443 3485 606 3605 piidaaejds
623 3483 921 3604 Aderitiaddminabant
932 3484 1061 3614 duelssrha
1078 3509 1149 3590 inter
1166 3482 1238 3604 quo?
1251 3484 1317 3590 dlddn

199 3604 318 3669 lenaeus,
336 3611 363 3658 et
380 3618 398 3657 a
413 3604 546 3659 Brnnetto
561 3604 668 3667 Latino,
687 3603 826 3673 Guelphae
842 3604 915 3682 parti
931 3610 1002 3658 mter
1012 3604 1150 3674 primores,
1168 3605 1317 3669 institutus,

201 3687 263 3726 cum
287 3671 417 3741 Guelphis
442 3671 542 3727 sentire
566 3671 709 3726 admodum
728 3671 835 3740 juvenis
855 3671 993 3726 didicerat.
1039 3671 1203 3741 Neutiquam
1226 3677 1318 3726 tamen

200 3739 393 3794 admittendum
410 3745 460 3805 est,
478 3740 593 3794 Dantem
606 3756 688 3808 quum
705 3740 745 3793 ita
762 3739 880 3794 sentiens
897 3740 1013 3808 primum
1030 3740 1205 3794 Monarchiae
1218 3740 1318 3794 librum

202 3809 410 3877 composuisset,
428 3808 503 3863 hisce
520 3809 621 3873 verbis,
640 3823 668 3862 se
686 3807 792 3862 interim
809 3808 837 3861 in
855 3824 889 3876 op
910 3808 1008 3862 ositam
1023 3807 1237 3862 Ghibellinorum
1254 3824 1317 3878 par·
1395 3820 1400 3831 '

202 3880 256 3930 tem
265 3877 470 3956 transmigrasse
481 3877 602 3932 innuere.
670 3877 690 3908 ¹⁷
707 3876 816 3943 Reges
835 3880 868 3930 et
885 3824 1001 3929 {rinei
1030 3891 1076 3940 es,
1095 3875 1234 3946 Guelphos
1251 3882 1319 3946 puta

200 3949 256 3997 tam
269 3944 385 4024 Itchcos
400 3960 484 4066 putum
501 3949 578 3999 extra
590 3944 704 4024 Italiam,
722 3942 931 3998 utCarolumII.
949 3943 994 3996 An
1015 3957 1170 4010 egarensem
1181 3944 1240 3999 Nea
1260 3946 1318 4010 olis,

202 4011 391 4082 etPhrlrppum
424 4013 548 4068 ulchrum
557 4012 757 4080 GalliaeReges
807 4013 830 4044 ²⁰
845 4010 1038 4065 CtAuaronrs
1047 4010 1209 4067 Paradisum
1258 4018 1316 4066 .31.
1388 4036 1392 4043 »

403 4097 506 4153 Perctrd
524 4107 552 4151 ta
569 4099 651 4169 reqpr'
666 4113 717 4152 con
735 4103 838 4167 quanta
855 4096 969 4166 ruptone

438 4165 471 4220 St
486 4182 581 4220 mnooe
598 4171 693 4220 centa
710 4164 732 4218 a
747 4169 906 4218 sacrameto
923 4178 1022 4233 scyno,

438 4233 466 4287 Ε
481 4233 526 4288 ctu'
542 4235 560 4285 't
575 4234 764 4303 s’cpprcprr'a
783 4247 798 4284 e
815 4230 861 4285 etri
877 4247 894 4284 a
913 4230 953 4285 tnt
968 4233 1106 4303 s'cppone.
1202 4282 1204 4287 .
