2940 4808
392 317 527 371 DANTIS
544 316 763 372 MONARCHIA
780 315 827 368 III.
846 315 874 369 G.
893 320 917 368 7.
1154 312 1213 374 109

43 522 47 534 ·
96 491 261 558 evidenter
287 491 454 574 probatur,
487 488 562 555 licet
591 488 788 570 Magister
817 487 1006 553 contrarium
1036 486 1154 554 dixerit
1181 489 1215 555 in

95 598 217 676 quarto.

182 693 305 759 Scimus
328 692 439 775 etiam,
463 692 549 773 quod
571 692 707 757 vicarius
730 690 866 758 hominis
888 712 950 756 non
968 691 1151 773 aequivalet
1173 694 1212 777 ei,

96 801 248 878 quantum
270 796 303 859 in
325 796 386 860 hcc
412 794 498 876 quod
520 794 657 860 vicarius
687 799 749 878 est,
779 793 854 874 quia
882 813 974 858 nemo
1003 797 1109 878 potest
1137 794 1213 862 dare

96 896 183 980 quod
205 917 295 962 suum
318 917 381 962 non
403 901 461 962 est.
500 896 682 962 Auctoritas
703 894 888 978 principalis
908 915 972 960 non
993 901 1042 962 est
1062 896 1265 982 principissa

96 999 159 1064 nisi
173 997 216 1062 ad
229 1018 330 1082 usum,
353 998 428 1079 quia
443 999 549 1063 nullus
564 997 711 1082 princeps
729 997 869 1082 seipsum
884 997 1078 1064 auctorizare
1093 1004 1213 1082 potest,

97 1100 239 1185 recipere
268 1105 375 1165 autem
402 1103 523 1184 potest,
553 1104 649 1180 atque
678 1097 850 1181 dimittere,
885 1098 943 1164 sed
976 1099 1075 1164 alium
1108 1121 1214 1166 creare

97 1223 161 1268 non
181 1206 302 1286 potest,
326 1202 401 1284 quia
425 1201 542 1267 creatio
564 1199 717 1285 principis
739 1221 781 1266 ex
803 1200 946 1284 principe
967 1221 1031 1267 non
1046 1200 1214 1286 dependet.

98 1302 192 1382 Quod
214 1304 242 1368 si
262 1303 309 1367 ita
332 1309 395 1386 est,
419 1303 620 1375 manifestum
634 1307 696 1386 est,
721 1300 807 1383 quod
828 1302 933 1378 nullus
948 1302 1096 1386 princeps
1110 1307 1216 1386 potest

97 1404 161 1470 sibi
188 1404 378 1470 substituere
406 1405 559 1470 vicarium
586 1404 620 1467 in
642 1404 787 1470 omnibus
816 1405 1086 1488 aequivalentem,
1117 1425 1216 1487 quare
1234 1419 1265 1473 35

47 1507 49 1510 ’
97 1505 250 1571 instantia
270 1507 391 1572 nullam
413 1506 587 1572 efficaciam
608 1505 715 1572 habet.

546 1697 667 1780 [carim
689 1695 772 1768 vnn]

125 1791 126 1794 Ἴ
184 1828 264 1893 Item
299 1828 470 1894 adsumunt
502 1826 541 1894 de
574 1827 668 1892 litera
697 1826 841 1912 ejusdem
872 1826 953 1891 illud
989 1827 1143 1893 Christi
1175 1829 1217 1895 ad
1309 1917 1316 1928 Ι

126 1997 149 2029 ²⁶
166 1995 204 2049 M.
223 1995 357 2067 Mcqister
384 1995 488 2049 dixerit
514 1997 542 2048 ia
568 2012 633 2050 eon·
711 1995 736 2028 ²²
753 1995 785 2048 Α.
804 1996 832 2048 iu
851 2000 982 2064 quantum
1005 1997 1034 2049 bc
1055 1995 1107 2051 boc
1123 2026 1157 2035 —
1175 1998 1219 2050 An

168 2082 283 2134 trorium
300 2079 409 2144 (omisso
428 2082 454 2134 tn
474 2087 581 2149 quarto)
600 2111 634 2118 -
753 2081 781 2133 iu
800 2085 931 2148 quantum
949 2078 1019 2133 boc?

167 2164 200 2217 Η.
212 2166 285 2236 May.
303 2170 390 2220 contr.
406 2165 465 2219 dito.
484 2167 512 2218 in
529 2170 634 2218 senten·
712 2164 742 2230 ²²,
754 2165 777 2196 ³⁰
793 2164 858 2218 dod.
880 2165 917 2216 M.
936 2164 1034 2218 omittit
1051 2167 1116 2235 quia
1140 2183 1219 2220 izemo

169 2251 214 2303 tiis
230 2280 265 2288 —
280 2249 312 2302 A.
330 2249 406 2320 Maq.
425 2257 510 2304 contr.
529 2250 587 2304 dix.
606 2251 634 2304 iu
748 2255 841 2320 potest
856 2248 1007 2319 durequod
1022 2267 1100 2304 suum
1111 2256 1220 2306 nonest

170 2333 285 2388 Christo.
320 2364 352 2372 -
387 2333 420 2389 F.
446 2333 521 2405 May.
548 2340 633 2389 contr.
712 2336 736 2368 ³²
752 2334 843 2388 Verba
869 2335 990 2404 recipere
1016 2341 1105 2388 autem
1126 2342 1220 2406 potest

169 2417 270 2473 diceret
287 2419 315 2472 ia
334 2435 379 2488 qu.
686 2467 687 2471 ,
754 2420 853 2473 absunt
870 2435 886 2472 a
905 2418 963 2473 cod.
981 2419 1038 2473 Pal.

128 2501 159 2568 ²⁸,
175 2501 199 2534 ²²
216 2500 308 2555 Verba
325 2503 432 2557 Scimus
449 2505 542 2568 etiam,
561 2503 636 2572 quod
713 2505 736 2537 ³⁵
754 2503 791 2556 M.
808 2504 861 2558 sr'bi
876 2505 1014 2558 comittere
1031 2506 1162 2559 uicarium

169 2587 288 2641 vicarius
321 2586 437 2641 bominis
463 2605 517 2641 raca
543 2591 636 2658 aequi·
771 2590 805 2640 A.
824 2588 855 2639 L.
882 2588 911 2640 P.
930 2592 959 2642 et
976 2588 1033 2642 edd.
1059 2593 1127 2643 antt.
1153 2592 1220 2659 quia

169 2671 242 2725 ualet
253 2672 292 2737 εἰ,
310 2680 441 2740 querutum
459 2674 487 2726 ia
502 2672 637 2742 bocquod
755 2674 884 2726 iaetantia
902 2704 935 2712 -
948 2673 1078 2727 Nostram
1095 2675 1220 2729 emenda-

171 2757 290 2810 uicorc'us
313 2761 354 2809 cst
377 2773 431 2810 non
455 2758 590 2812 habentur
608 2758 637 2812 in
756 2758 869 2821 tionem,
895 2757 1049 2812 Fruticellio
1071 2759 1221 2827 probatam,

173 2840 231 2894 cod.
242 2841 276 2894 V.
286 2869 319 2879 -
329 2841 420 2894 Solum
438 2840 546 2896 Scribas
560 2843 638 2896 abest
755 2841 906 2894 firmantF.
916 2841 951 2893 H.
968 2843 1047 2896 MV.
1066 2849 1093 2897 et
1109 2843 1222 2898 Ficinus

170 2924 265 2979 acod.
283 2925 317 2978 Η.
689 2927 753 2994 Gap.
780 2925 854 2978 VIII.
901 2929 907 2958 ¹
935 2926 967 2978 F.
1001 2927 1034 2980 de
1067 2928 1104 2982 lit.
1135 2929 1223 2999 ejusd.

607 3027 609 3032 ·
757 3008 862 3064 Motbei

172 3146 196 3178 ²⁶
213 3146 325 3200 Pennus
341 3147 515 3200 Lcmnnnoos
534 3145 673 3213 (Magister
690 3146 894 3212 sententiarum)
912 3144 957 3199 lib.
974 3145 1018 3200 IV.
1037 3146 1099 3202 dist.
1119 3153 1144 3204 b.
1162 3152 1178 3215 ᾗ
1197 3153 1221 3202 2.

104 3213 355 3280 „Ministcrium
382 3213 539 3283 baptizandi
564 3212 640 3267 dedit
662 3213 784 3267 Christus
809 3215 908 3275 servis,
936 3213 984 3268 sed
1012 3221 1223 3283 potestatem

104 3281 155 3337 sibi
172 3281 290 3344 retinuit,
310 3298 398 3349 quam,
418 3283 441 3336 si
457 3282 545 3348 vellet,
563 3287 669 3349 poterat
687 3282 769 3336 servis
788 3282 852 3336 dare
871 3321 984 3335 .....
1011 3282 1059 3336 sed
1075 3284 1170 3351 noInIt,
1188 3301 1222 3338 nc

104 3365 197 3404 servus
215 3349 243 3402 in
262 3364 337 3404 servo
356 3366 430 3418 spem
448 3353 586 3419 poneret.“
622 3353 637 3416 ς·
657 3356 680 3404 3.
717 3349 875 3416 Quaeritur,
899 3366 968 3417 quae
985 3351 1020 3404 sit
1037 3351 1084 3405 illa
1101 3357 1222 3419 potestas

104 3417 243 3486 baptismi,
262 3433 342 3485 quam
360 3419 483 3472 Christus
501 3417 553 3472 sibi
569 3417 695 3484 retinuit,
714 3425 741 3471 et
758 3418 848 3486 potuit
867 3419 932 3472 dare
949 3419 1040 3473 serris.
1079 3420 1154 3474 Haec
1172 3424 1221 3484 est,

104 3488 136 3540 ut
153 3485 260 3553 plurimi
277 3486 378 3552 volunt,
397 3492 517 3555 potestas
527 3485 678 3539 dimittendi
715 3493 807 3540 cecata
824 3487 852 3540 in
870 3488 905 3540 ba
924 3486 1016 3548 tiemo:
1036 3488 1084 3540 sed
1101 3491 1222 3556 potestus

105 3552 257 3609 dimittendi
273 3558 401 3621 peccata,
420 3570 488 3622 quac
504 3555 533 3606 in
551 3553 608 3608 Deo
626 3560 681 3619 est,
727 3570 775 3607 eus
793 3560 841 3607 est.
883 3555 895 3607 I
916 3571 945 3609 eo
964 3555 1008 3609 alii
1026 3554 1132 3619 dicunt,
1150 3556 1222 3610 hanc

105 3626 266 3690 potestatem
284 3638 339 3675 non
357 3625 477 3691 potuisse
495 3621 559 3675 dare
576 3622 657 3675 alicui
673 3637 819 3685 servorum,
838 3623 902 3690 quia
918 3623 987 3676 nulli
1004 3623 1092 3690 potuit
1110 3624 1174 3677 dare
1192 3629 1224 3677 ut

105 3693 179 3744 esset
201 3688 273 3757 quod
296 3690 357 3759 Ipse
380 3697 435 3755 est,
461 3690 504 3743 vel
525 3694 557 3743 ut
579 3689 692 3743 haberet
717 3691 862 3743 essentiam
878 3706 958 3758 quam
981 3690 1043 3758 Ipse
1060 3690 1155 3757 habet,
1180 3692 1223 3746 cui

106 3758 175 3811 hcc
192 3761 235 3811 est
252 3773 311 3811 csse
330 3759 400 3824 quod
419 3774 498 3827 posse
517 3797 625 3810 .....
652 3757 696 3811 Ad
713 3757 785 3826 quod
802 3759 855 3813 dici
872 3764 975 3827 potest,
999 3758 1061 3824 quia
1078 3759 1167 3827 potuit
1184 3760 1222 3814 eie

106 3825 171 3879 dare
188 3826 336 3894 potentiam
354 3825 502 3880 dimittendi
518 3828 645 3893 peccata,
664 3831 825 3880 nontamen
843 3826 929 3894 ipsam
947 3827 1073 3888 candem,
1091 3842 1144 3893 qua
1161 3828 1224 3896 Ipse

106 3897 203 3962 potens
221 3899 271 3957 est,
289 3894 337 3947 scd
353 3895 500 3962 potentiam
519 3898 645 3959 creatam,
664 3909 717 3962 qua
735 3909 828 3948 servus
845 3898 939 3962 posset
946 3893 1080 3948 dimittere
1097 3900 1222 3962 peccata:

106 3977 162 4014 non
178 3966 268 4014 tamen
286 3965 318 4016 ut
334 3968 431 4017 auctor
448 3961 624 4026 remissionis,
644 3961 691 4015 sed
708 3967 739 4014 ut
756 3962 888 4027 minister,
915 3977 965 4015 nec
982 3967 1072 4016 tamen
1090 3964 1148 4016 sine
1164 3963 1223 4018 Deo

107 4034 232 4093 anctore,
257 4034 288 4082 ut
311 4031 382 4084 sicut
404 4031 432 4084 in
450 4029 596 4084 ministerio
615 4030 696 4083 babet
713 4030 831 4083 exterius
849 4028 1032 4096 sanctificare,
1056 4030 1095 4083 ita
1111 4031 1224 4086 interius

107 4095 251 4150 mundaret
267 4096 325 4151 Dec
345 4102 456 4153 auctore
475 4137 587 4151 .....
610 4097 652 4151 lta
679 4113 740 4164 ergo
763 4098 852 4166 potuit
874 4097 938 4151 dare
961 4113 1038 4152 servo
1062 4103 1224 4166 potestatem

108 4164 259 4217 dimittendi
275 4172 390 4233 peccata
407 4168 434 4221 in
454 4166 614 4236 baptismo.“
650 4165 689 4218 uf.
705 4166 831 4219 Tnonnn
848 4165 1017 4228 Acarnanum
1035 4165 1068 4220 de
1085 4167 1225 4235 Regimine

108 4231 264 4307 Principum
282 4233 310 4285 in
329 4234 398 4304 Opp.
416 4237 495 4289 Antv.
518 4238 590 4289 16ῖῖΙ
611 4233 642 4287 T.
661 4232 747 4287 XVII.
766 4233 828 4288 Lib.
846 4234 891 4287 III.
911 4249 969 4302 cap.
991 4240 1029 4288 lb.
1049 4234 1097 4288 inf.
