2940 4808
229 317 288 379 138
475 321 609 376 DANTIS
628 321 849 376 MONARCHIA
866 323 913 375 III.
933 322 961 376 C.
984 327 1022 377 16.
1042 325 1106 388 (15.)

225 495 343 579 sophos
366 499 434 560 tota
456 495 549 560 nobis
570 494 719 570 innotuit,
749 495 847 560 haec
869 515 888 558 a
912 495 1032 578 Spiritu
1056 493 1188 576 Sancto,
1213 495 1267 575 qui
1290 514 1350 577 per

226 596 403 680 Prophetas
433 600 465 661 et
493 596 755 678 Hagiographos,
792 597 847 677 qui
875 616 933 678 per
961 600 1165 664 coaeternum
1194 596 1256 660 sibi
1286 597 1350 661 Dei

226 698 344 762 Filium
371 697 392 762 J
401 717 507 763 esum
538 697 754 780 Christum,
785 703 817 763 et
844 717 902 780 per
924 697 993 780 ejus
1017 696 1205 781 discipulos,
1237 717 1347 781 super-

225 799 403 864 naturalem
426 799 594 865 veritatem
615 819 653 864 ac
668 800 760 864 nobis
782 799 995 865 necessariam
1018 798 1189 883 revelavit)
1206 798 1350 863 humana

175 915 207 964 50
226 899 384 984 cupiditas
401 905 609 982 postergaret,
632 901 694 964 nisi
710 901 853 965 homines
868 906 1031 981 tamquam
1047 901 1129 981 equi,
1153 920 1211 964 sua
1228 900 1346 964 bestia-

226 1002 316 1068 litate
339 1007 502 1084 vagantes,
527 1002 559 1065 in
582 1021 672 1066 camo
697 1007 729 1067 et
749 1003 837 1068 trono
860 1006 1133 1086 compescerentur
1155 1002 1188 1065 in
1211 1003 1273 1066 via.

309 1105 444 1187 Propter
466 1102 552 1184 quod
574 1123 653 1185 opus
675 1103 734 1167 fuit
755 1104 875 1169 homini
898 1104 1018 1187 duplici
1041 1103 1210 1186 directiro,
1235 1124 1346 1168 secun-

225 1204 301 1270 dum
330 1204 490 1288 duplicem
518 1205 628 1270 iinem:
656 1205 779 1270 scilicet
807 1225 954 1271 summo
978 1206 1196 1286 Pontifice,
1221 1205 1275 1285 qui
1298 1225 1346 1272 se-

226 1306 362 1372 cundum
384 1308 529 1372 revelata
544 1307 715 1370 humanum
738 1326 838 1388 genus
860 1305 1047 1390 perduceret
1062 1306 1103 1370 ad
1126 1307 1225 1370 vitam
1244 1312 1347 1372 aeter-

175 1425 207 1474 55
225 1429 313 1490 nam;
331 1413 363 1473 et
378 1409 645 1490 Imperatore,
663 1408 717 1489 qui
733 1408 906 1473 secundum
921 1409 1144 1492 philosophica
1157 1408 1349 1473 documenta

224 1529 324 1592 genus
339 1512 511 1575 humanum
527 1509 569 1573 ad
584 1511 793 1594 temporalem
809 1510 994 1576 felicitatem
1010 1509 1169 1591 dirigeret.
1193 1510 1234 1572 Et
1250 1530 1349 1591 quum

224 1612 267 1676 ad
291 1614 373 1677 huno
394 1617 519 1694 portum
542 1612 594 1677 vel
617 1612 712 1693 nulli,
736 1613 788 1677 vel
811 1613 921 1696 pauci,
952 1611 1039 1675 ethi
1063 1632 1133 1676 cum
1157 1610 1348 1677 difficultate

224 1714 322 1778 nimia
344 1714 510 1796 pervenire
533 1714 673 1798 possint,
702 1714 763 1778 nisi
786 1712 907 1779 sedatis
929 1713 1076 1777 fluctibus
1098 1711 1236 1777 blandae
1260 1714 1347 1800 cupi-

226 1816 348 1899 ditatis,
372 1834 471 1896 genus
493 1815 665 1880 humanum
687 1816 824 1881 liberum
845 1815 878 1878 in
893 1815 982 1897 pacis
1004 1815 1235 1894 tranquillitate
1258 1815 1347 1895 quie-

175 1933 208 1983 oo
227 1924 309 1982 scat:
333 1918 405 1983 hoc
428 1923 476 1981 est
491 1916 572 1981 illud
588 1917 722 1998 signum,
746 1915 788 1980 ad
804 1915 890 1996 quod
904 1917 1043 1980 maxime
1063 1914 1159 1981 debet
1181 1915 1348 1982 intendere

226 2024 350 2097 curator
378 2019 478 2100 orbis,
509 2019 562 2099 qui
592 2018 706 2083 dicitur
729 2020 890 2083 Romanus
911 2017 1063 2100 Princeps
1070 2067 1078 2098 ,
1107 2024 1141 2080 ut
1171 2017 1293 2082 scilieet
1313 2017 1349 2081 in

226 2121 333 2186 areola
362 2121 425 2185 ista
454 2120 634 2185 mortalium
661 2120 762 2185 libere
792 2140 862 2184 cum
890 2138 969 2202 pace
998 2119 1132 2183 vivatur.
1178 2118 1348 2198 Quumque

225 2222 392 2304 dispositio
416 2219 525 2285 mundi
553 2220 647 2304 hujus
677 2221 917 2306 dispositionem
945 2219 1163 2285 inhaerentem
1185 2220 1347 2285 coelorum

251 2459 274 2491 ⁴⁷
291 2458 324 2511 F.
343 2457 376 2509 H.
399 2458 431 2510 L.
456 2457 494 2509 M.
519 2457 549 2510 P.
569 2458 601 2511 V.
630 2465 656 2512 et
683 2459 758 2512 editt.
838 2459 860 2490 55
879 2456 909 2509 L.
928 2458 954 2509 iu
973 2473 1050 2509 curuo
1069 2462 1095 2509 et
1114 2456 1197 2525 freno
1216 2455 1348 2510 caracallas

292 2548 355 2596 vett.
380 2573 408 2582 -
427 2543 459 2594 A.
478 2541 614 2613 Hopiopr.
640 2543 714 2612 quod
731 2545 758 2596 iu
878 2557 970 2594 eorum
989 2556 1119 2611 compone.

292 2635 376 2682 cooet.
396 2627 450 2681 sibi
465 2626 518 2680 nez·
531 2627 570 2694 fil.
584 2626 760 2697 1181161.-
838 2627 860 2660 55
878 2627 908 2680 P.
926 2625 959 2678 V.
979 2632 1005 2678 et
1027 2625 1102 2678 editt.
1123 2631 1178 2677 ant.
1199 2622 1347 2676 Intaranum

292 2712 377 2765 Ednt.
403 2727 456 2765 rec.
475 2712 548 2783 Hap.
568 2729 622 2782 per
640 2720 760 2766 cooeter—
877 2726 964 2780 pentus
976 2709 1142 2779 produceret

269 2780 273 2793 ’
292 2813 356 2850 uum
374 2804 424 2850 etc.
839 2797 861 2828 55
878 2795 915 2847 Μ.
927 2799 964 2857 (et
974 2795 1083 2862 interpr.
1095 2798 1185 2856 anon.)
1198 2791 1346 2846 secuudum

251 2881 274 2914 ⁴⁹
291 2883 324 2934 A.
353 2885 389 2944 tet
414 2881 524 2949 interpr.
551 2885 640 2946 anon.)
665 2898 760 2953 super-
873 2877 992 2949 pltpsr'ca
1010 2877 1170 2931 documento

292 2966 445 3020 araturalem
462 2969 586 3020 uirtutem
606 2997 636 3004 -
647 2967 678 3019 L.
697 2968 759 3036 fra·
838 2965 860 2997 ⁵⁷
878 2964 911 3015 H.
922 2963 959 3016 ad
975 2960 1047 3016 laureo
1059 2967 1172 3032 portum
1191 2960 1234 3012 uel
1248 2960 1301 3014 utu·
1313 2990 1348 2999 -

293 3051 422 3104 ternanta
440 3053 577 3104 veritatem
879 3048 911 3098 A.
935 3047 972 3100 od
994 3046 1019 3099 le.
1040 3052 1115 3116 port.
1137 3061 1190 3098 nou
1214 3043 1285 3098 rualli
1313 3074 1348 3084 -

309 3135 340 3187 F.
358 3136 396 3188 M.
414 3135 444 3188 P.
464 3135 489 3188 V
521 3153 554 3190 oo
577 3139 653 3191 rachis
671 3154 760 3191 ncces-
879 3131 901 3184 F
905 3172 911 3184 .
930 3131 966 3184 od
984 3129 1007 3183 h.
1023 3137 1098 3200 port.
1117 3128 1187 3182 rerrll'

293 3221 368 3272 sur-iu
837 3217 860 3249 55
877 3216 911 3268 Η.
930 3216 988 3269 scil.
1007 3217 1034 3268 iu
1053 3214 1166 3268 aureolo

252 3306 275 3338 ⁶⁰
292 3303 323 3356 ln
341 3304 443 3370 aliquot
461 3303 536 3356 editt.
556 3304 624 3357 male
642 3303 758 3356 habetur
896 3302 957 3366 isla,
976 3298 1134 3368 quodcodd.
1151 3297 1280 3351 exhibent
1291 3313 1347 3351 om-

293 3388 404 3458 cupc'dr't.
421 3394 610 3458 prosterporct
878 3401 934 3448 nes,
953 3385 1121 3438 desideratur
1138 3383 1166 3436 in
1183 3382 1257 3436 editt.
1279 3388 1347 3436 antt

311 3473 342 3526 F.
357 3473 406 3527 ubi
422 3472 542 3526 ltornr'aes

295 3663 316 3694 55
345 3660 458 3714 Psalm
487 3663 526 3712 32.
556 3657 715 3722 1111111131.)
742 3677 765 3712 v.
793 3664 815 3714 9.
844 3690 875 3698 -
905 3656 945 3711 Oi.
973 3657 1156 3723 Purgator.
1184 3654 1256 3707 XIV.
1288 3658 1346 3708 14³.

227 3728 564 3799 ³²Aucuou1sPurgat.
584 3726 655 3779 XVI.
678 3732 733 3780 too.

428 3829 527 3884 Soleoc
544 3828 646 3893 Romo,
665 3826 714 3882 clze
732 3829 753 3882 il
770 3830 841 3883 buon
861 3828 959 3881 rrrorrdo
977 3827 1037 3894 fec,

497 3899 557 3952 Due
574 3894 636 3950 Sco·
651 3913 729 3959 aaa,
749 3896 798 3951 cde
816 3897 887 3950 luna
905 3914 919 3948 e
937 3895 1028 3948 l'oltru
1046 3892 1140 3946 strada

497 3967 606 4020 Foceon
625 3964 735 4028 cedere,
753 3981 767 4018 e
785 3964 830 4018 del
845 3963 942 4017 ruondo
962 3979 975 4015 e
995 3962 1025 4015 di
1043 3962 1107 4015 Deo,

227 4069 250 4100 55
269 4067 411 4121 Aucnoaus
436 4067 636 4122 Conuiuium
659 4068 705 4120 IV.
726 4073 749 4119 6.
787 4065 993 4136 „Conpiuopusi
1016 4064 1042 4116 lu
1063 4061 1197 4128 filorofiou
1225 4060 1346 4114 oratoritd

226 4135 297 4191 colla
315 4136 462 4207 imperiale,
480 4153 497 4188 α
513 4137 578 4190 uerae
595 4136 982 4206 eperfectomemereppere.“
1025 4129 1177 4183 ⁶²Paradis.
1188 4127 1274 4182 XXII.
1288 4133 1346 4181 151.

530 4236 658 4307 L’ojuolo
676 4235 725 4291 clue
743 4242 769 4291 σι’
784 4236 818 4305 sa
837 4241 913 4288 toruo
929 4235 1027 4304 feroci.
