2940 4808
204 341 262 401 118
498 342 575 396 DAN
578 342 633 396 Tls
651 341 871 398 MONARCHIA
887 342 934 395 111.
954 342 986 398 C.
1003 346 1026 396 9.

158 556 159 560 =
201 516 287 597 quod
309 534 406 596 quum
428 512 468 579 de
487 514 609 580 duobus
632 511 749 595 gladiis
771 515 969 598 loquebatur,
993 514 1168 581 intentione
1184 514 1326 599 simplici

149 618 181 673 85
200 614 413 701 respondebat
439 613 482 679 ad
505 616 671 681 Christum.

285 718 378 797 Quod
393 719 421 783 si
436 719 536 784 verba
557 717 615 782 illa
631 716 748 781 Christi
763 722 795 782 et
808 716 895 783 Petri
910 718 1018 802 tppice
1038 724 1111 784 sunt
1125 717 1325 804 accipienda,

200 841 264 886 non
285 819 424 903 adhoc,
448 820 535 901 quod
557 819 665 884 dicunt
685 818 753 900 isti,
783 818 940 884 trahenda
962 824 1052 904 sunt,
1077 820 1135 886 sed
1158 818 1328 887 referenda

200 928 273 987 sunt
295 920 337 986 ad
359 943 487 988 sensum
515 921 631 985 illius
653 919 768 1002 gladii,
800 918 840 986 de
863 939 925 1001 quo
954 920 1066 985 scribit
1087 922 1326 987 Matthaeus

201 1023 260 1088 sic:
297 1023 427 1107 „Nolite
449 1022 611 1104 arbitrari,
641 1022 716 1102 quia
745 1020 818 1087 veni
846 1041 958 1106 pacem
981 1021 1106 1088 mittere
1132 1023 1166 1087 in
1188 1029 1325 1106 terram3

150 1145 183 1196 oc
201 1144 264 1189 non
286 1124 359 1189 veni
381 1145 494 1209 pacem
515 1123 656 1206 mittere,
684 1123 742 1189 sed
764 1122 915 1204 gladium.
960 1124 1041 1191 Veni
1064 1126 1149 1191 enim
1171 1144 1340 1209 separare

199 1225 360 1291 hominem
383 1225 537 1292 adversus
558 1230 683 1307 patrem
705 1222 827 1308 suum,“
843 1229 900 1290 etc.
939 1225 1034 1305 Quod
1048 1225 1179 1308 quidem
1200 1225 1236 1290 fit
1259 1232 1326 1290 tam

199 1326 314 1408 verbo,
338 1345 433 1407 quarn
456 1347 560 1411 opere.
597 1327 730 1411 Propter
754 1326 839 1407 quod
855 1326 982 1392 dicebat
1004 1328 1131 1393 Lucas
1155 1327 1198 1392 ad
1218 1329 1322 1394 Theo·

199 1427 336 1511 philam:
359 1447 462 1509 „quac
478 1428 582 1511 coepit
596 1428 691 1494 lesus
706 1428 811 1495 facere
827 1434 859 1495 et
875 1427 1021 1496 docere“.
1052 1430 1165 1496 'Palem
1180 1428 1327 1512 gladium

201 1527 344 1594 Christus
367 1549 472 1595 emere
494 1529 726 1614 praecipiebat,
751 1538 852 1612 quem'
867 1529 1027 1615 duplicem
1048 1531 1094 1596 ibi
1116 1551 1188 1597 esse
1211 1532 1328 1597 Petrus

152 1638 183 1688 95
202 1631 299 1696 ctiam
327 1629 550 1715 respondebat.
595 1632 648 1696 Ad
676 1633 775 1698 verba
804 1632 887 1698 enim
917 1637 948 1698 et
976 1653 1073 1718 opera
1095 1633 1201 1718 parati
1224 1638 1326 1716 erant,

201 1752 259 1816 per
281 1752 362 1814 quae
385 1732 526 1798 facerent
542 1732 628 1814 quod
644 1734 788 1800 Christus
811 1733 947 1817 dicebat,
971 1735 1148 1801 sevenisse
1166 1733 1328 1799 facturum

201 1854 260 1916 per
280 1833 438 1919 gladium,
461 1839 496 1899 ut
519 1835 638 1900 dictum
660 1840 717 1901 est.

668 2035 789 2123 [curun
811 2041 858 2115 xl

187 2222 195 2245 ,
285 2173 403 2238 Dicunt
424 2172 529 2238 adhuc
545 2172 683 2256 quidam,
708 2172 794 2254 quod
817 2173 1111 2239 Constantinus
1133 2174 1326 2258 Imperator,

200 2272 370 2338 mundatus
405 2293 426 2337 a
456 2275 547 2358 lepra
579 2274 804 2340 intercessione
838 2275 1059 2360 Sylvestri,
1099 2280 1174 2340 tunc
1206 2276 1326 2341 summi

202 2373 374 2458 Pontificis,
397 2375 527 2460 Imperii
549 2376 667 2459 sedem,
691 2376 811 2442 scilicet
833 2377 976 2459 Romam,
1000 2376 1132 2443 donavit
1145 2376 1327 2460 Ecclesiae,

201 2496 271 2541 cum
285 2475 394 2542 multis
409 2476 482 2541 aliis
503 2477 632 2562 Imperii
648 2477 864 2558 dignitatibus.
902 2477 953 2542 Ex
974 2498 1035 2559 quo
1051 2484 1197 2562 arguunt,
1222 2479 1325 2562 digni-

229 2652 252 2684 99
268 2653 299 2704 L.
318 2651 420 2721 qlodiis
439 2651 594 2721 loqueretar
814 2652 845 2717 ⁸⁸,
858 2653 881 2685 ⁸⁵
890 2652 921 2705 F.
931 2653 1039 2722 qccalem
1049 2652 1126 2724 dupl.
1137 2655 1177 2708 ibi
1184 2670 1242 2708 esse
1251 2653 1324 2708 Petr.

228 2737 250 2769 ⁸⁷
268 2734 337 2789 Edd.
356 2753 412 2790 ooo
429 2736 467 2790 cd
483 2735 535 2791 boc
554 2743 650 2803 tumea,
663 2737 738 2808 quod
854 2753 925 2807 resp.

285 2820 315 2873 P.
336 2821 411 2890 quod
427 2821 554 2876 deberent
571 2823 617 2876 isti
814 2821 837 2855 ⁸⁸
855 2821 924 2875 Edd.
935 2820 1054 2876 dicebat:
1065 2822 1174 2889 scilicet,
1184 2826 1326 2878 sevenisse
1374 2881 1378 2887 ,

285 2905 322 2959 Μ.
342 2903 492 2971 trahendo,
510 2906 559 2960 scd
891 2907 925 2959 A.
950 2905 983 2960 F.
1008 2906 1039 2959 L.
1067 2906 1097 2959 P.
1122 2908 1251 2976 futurum
1273 2925 1328 2979 per

228 2991 251 3023 ⁸⁸
269 2991 301 3043 A.
320 2992 349 3042 et
372 2990 430 3043 edd.
455 2991 505 3044 sed
529 2992 677 3061 referenda
702 2992 740 3046 od
858 2989 981 3061 plcdc'cm

285 3090 393 3129 sensum
790 3075 856 3145 (lap.
875 3075 908 3126 X.
944 3075 1006 3128 ³A.
1021 3074 1092 3146 Imp.
1109 3076 1207 3142 sedem,
1226 3078 1329 3131 scilicet

228 3159 251 3191 ⁸⁸
267 3159 301 3211 A.
320 3159 350 3212 F.
369 3158 402 3211 H.
422 3158 453 3212 L.
469 3159 500 3212 P.
511 3159 543 3213 V.
562 3158 654 3214 Nolite
671 3176 737 3231 erpo
857 3159 1010 3214 Roorunom
1034 3191 1068 3198 —
1091 3161 1122 3214 P.
1141 3159 1213 3231 Imp.
1230 3160 1328 3224 sedern,

268 3243 401 3296 arbitrari
858 3245 944 3298 idest
961 3244 1167 3298 Romam-M.
1183 3243 1255 3316 Imp.
1273 3244 1327 3299 sed.

228 3329 250 3361 ⁹¹
268 3328 300 3381 F.
319 3328 350 3380 P.
375 3325 505 3380 adversus
525 3327 642 3396 fratrem
660 3343 738 3381 suum
856 3329 905 3382 sed
930 3335 956 3382 et
979 3328 1131 3383 Romanam
1153 3358 1187 3368 -
1213 3329 1246 3382 L.
1273 3346 1328 3383 aon

234 3412 257 3445 99
274 3412 307 3466 V.
324 3411 420 3480 facere
437 3418 463 3465 et
481 3411 570 3466 dicere
856 3413 943 3468 solum
961 3413 1033 3485 Imp.
1050 3413 1105 3468 sed.
1123 3413 1172 3468 sed
1188 3415 1302 3470 Romam

271 3573 294 3606 ⁸⁸
309 3574 417 3627 Eunus.
435 3572 589 3625 Muranum
608 3587 667 3639 cap.
678 3572 711 3624 X.
721 3589 746 3624 v.
761 3576 802 3636 34,
821 3577 861 3627 35.
898 3573 922 3606 99
938 3574 1024 3627 Actus
1038 3575 1160 3642 Apostol.
1170 3590 1228 3644 cap.
1238 3576 1260 3629 1.
1270 3594 1293 3630 v.
1308 3583 1328 3629 l.

235 3639 308 3710 Gap,
326 3640 367 3695 X.
386 3642 397 3673 ⁸
415 3639 632 3693 Commentorum
642 3640 674 3692 de
684 3639 821 3704 Silvestre,
832 3640 1067 3695 Constantinuma
1082 3643 1159 3762 lepra
1166 3643 1330 3698 miraculose

202 3714 332 3774 sanante,
359 3709 423 3762 ori‘
446 3724 474 3762 es
500 3713 526 3761 et
544 3723 703 3775 progressus
723 3708 918 3776 elegantissime
940 3708 1087 3772 illustravit
1131 3726 1285 3766 onnurncnn
1302 3713 1331 3766 in

201 3777 271 3832 libro
289 3778 322 3831 de
339 3776 405 3830 tabu
418 3777 439 3830 's
457 3775 537 3829 medii
554 3775 613 3828 aevi
630 3775 718 3844 Papas
743 3792 756 3829 s
776 3777 929 3831 ectantibns
948 3794 974 3844 p.
997 3782 1107 3832 52-61.
1148 3778 1189 3833 De
1212 3779 1266 3834 fide
1289 3781 1329 3836 eis

201 3845 345 3899 tribuenda
362 3859 416 3898 non
440 3843 570 3898 dubitavit
588 3849 687 3897 noster.
730 3793 774 3896 ΟΕ
790 3845 916 3898 Tnommu
935 3845 1038 3907 Aoum.
1069 3845 1101 3900 de
1118 3846 1222 3914 Regim.
1240 3847 1328 3917 princ.

202 3913 250 3965 III.
273 3918 311 3966 16.
332 3917 359 3965 et
376 3912 520 3966 Auouorus
538 3913 624 3966 nostri
640 3912 740 3966 Infern.
758 3912 870 3964 XXVII.
890 3918 930 3965 94.

474 4053 587 4068 .....
608 4013 768 4067 Constantio
786 4010 875 4067 chiese
894 4012 1025 4067 Silvestre

474 4082 579 4136 Dentro
597 4079 699 4135 Sirotti
714 4098 731 4134 c
748 4081 847 4152 pocrir
864 4080 936 4135 della
955 4082 1050 4136 lebbrr.

269 4181 334 4236 ⁸De
352 4182 478 4236 ementita
489 4182 660 4237 Constantini
678 4180 832 4246 donatione,
850 4183 1046 4251 posttotalios‚
1065 4183 1217 4239 doctissime
1226 4193 1329 4242 tracta·

200 4250 238 4303 vit
254 4249 436 4305 Donnnmons
458 4250 519 4304 loco
543 4266 596 4319 quo
620 4264 703 4320 supra
726 4266 752 4318 p.
773 4255 899 4304 61-106.
940 4250 981 4305 cf.
1008 4256 1035 4305 et
1051 4251 1271 4310 Famunusorun
1288 4255 1331 4310 De
