2940 4808
201 308 242 369 24
460 309 597 368 ,usuris
614 307 833 364 uouraoun
851 309 871 363 r.
891 308 920 363 o.
943 313 983 363 n.
1002 313 1063 375 ild).

200 484 372 548 humanum
393 500 491 564 genus
513 480 631 566 optime
654 499 688 546 se
702 481 821 547 habere
843 502 907 546 non
922 480 1016 564 dieat,
1040 499 1136 563 quum
1154 481 1319 566 potissime
1368 528 1372 533 ,

150 593 182 661 30
200 585 261 652 hoo
290 583 445 667 principio
474 584 576 667 possit
602 582 670 646 uti?
700 582 766 648 Sed
793 582 933 648 existens
967 583 1026 647 sub
1054 583 1240 667 Monareha,
1272 590 1322 650 est

198 685 364 771 potissime
391 685 534 752 liberum.
584 688 717 768 Propter
740 682 826 766 quod
847 682 1024 767 sciendum,
1055 682 1141 764 quod
1165 684 1247 749 illud
1271 692 1320 751 est

199 787 343 870 liberum,
367 785 453 867 quod
467 786 589 869 suimet,
606 794 638 853 et
651 807 714 852 non
730 785 859 851 alterius
874 785 978 866 gratia
994 791 1051 868 est,
1073 792 1108 849 ut
1122 785 1321 872 Philosopho

199 890 304 975 plaeet
325 889 359 953 in
380 888 435 970 iis,
465 908 546 970 quae
579 888 619 954 de
641 886 827 971 simpliciter
854 886 944 952 Ente.
988 887 1072 951 Nam
1101 886 1135 951 id
1163 888 1257 973 quod,
1272 895 1321 954 est

89 1055 91 1060 .
201 991 332 1055 alterius
358 990 477 1083 gratia,
505 989 713 1056 nenessitatur
734 989 775 1053 ab
803 988 879 1070 illo,
906 988 994 1052 ouius
1016 988 1120 1070 gratia
1143 995 1208 1073 est,
1238 990 1321 1055 sieut

151 1102 182 1151 35
201 1092 254 1157 uia
268 1092 476 1158 necessitatur
489 1112 510 1156 a
524 1091 666 1157 termino.
705 1089 811 1157 Genus
826 1089 1006 1173 humanum,
1026 1091 1128 1155 solum
1143 1091 1320 1176 imperante

199 1193 387 1275 Monaroha,
416 1192 466 1258 sui
494 1198 525 1259 et
552 1213 615 1258 non
637 1192 767 1258 alterius
789 1191 892 1272 gratia
915 1196 978 1275 est3
1008 1197 1082 1257 tuno
1110 1192 1194 1259 enim
1217 1194 1320 1259 solum

199 1296 332 1380 politiae
355 1294 530 1375 diriguntur
553 1294 711 1376 obliquae,
735 1292 948 1360 democratiae
970 1294 1100 1377 seilicet,
1124 1293 1320 1376 oligarehiae

200 1403 296 1478 atque
319 1394 512 1481 tyrannides,
537 1415 618 1477 quae
636 1396 668 1460 in
689 1396 875 1461 servitutem
891 1401 1006 1477 cogunt
1020 1413 1121 1476 genus
1137 1396 1320 1480 humanum,

200 1503 234 1562 ut
249 1503 338 1581 patet
353 1496 539 1587 discurrenti
552 1517 610 1580 per
624 1517 742 1580 omnes,
758 1503 789 1561 et
803 1497 970 1579 politizant
982 1515 1084 1579 reges
1101 1497 1321 1581 aristocratiei,

142 1609 282 1680 'roquos
305 1599 473 1683 optimates
494 1606 625 1682 vocant,
655 1605 687 1663 et
708 1599 818 1683 populi
839 1598 997 1664 libertatis
1020 1599 1183 1664 zelatores.
1228 1598 1322 1682 Quia,

202 1720 298 1781 quum
313 1700 485 1765 Monaroha
506 1700 645 1767 maxime
669 1700 781 1780 diligat
803 1698 956 1783 homines,
979 1700 1098 1765 utiam
1122 1705 1241 1765 tartum
1264 1705 1322 1783 est,

201 1801 270 1865 vult
292 1818 400 1868 omnes
422 1801 565 1869 homines
588 1802 688 1867 bonos
710 1801 792 1885 fieri,
820 1800 905 1883 quod
928 1821 998 1867 esse
1019 1822 1083 1867 non
1104 1807 1211 1884 potest
1232 1800 1322 1883 apud

201 1902 330 1984 oblique
352 1902 563 1988 politinantes.
607 1901 700 1970 Unde
722 1902 936 1987 Philosophus
958 1902 991 1966 in
1013 1903 1079 1967 suis
1093 1903 1237 1968 Politiois
1260 1903 1320 1969 ait:

201 2004 295 2082 Quod
322 2005 355 2068 in
383 2004 496 2088 politia
525 2004 656 2086 obliqua
684 2006 784 2071 honus
818 2005 912 2070 homo
943 2010 991 2068 est
1024 2004 1127 2067 malus
1162 2003 1256 2088 aivis,
1288 2004 1323 2068 in

150 2117 182 2166 45
201 2111 288 2171 reeta
316 2125 405 2190 vero,
437 2105 539 2170 bonus
571 2107 665 2172 homo
695 2112 726 2173 et
755 2105 833 2171 aivis
869 2105 970 2170 bonus
999 2109 1231 2170 convertuntur.
1281 2106 1323 2169 Et

201 2207 384 2272 huiusmodi
412 2206 543 2289 politiae
572 2211 678 2273 rectae
712 2207 892 2272 libertatern
924 2204 1106 2289 intendunt,
1140 2207 1262 2272 scilieet
1289 2211 1324 2272 ut

201 2307 344 2374 homines
366 2313 497 2392 propter
518 2327 552 2382 se
582 2307 652 2372 sint.
696 2309 769 2375 Non
791 2309 874 2376 enim
897 2309 983 2374 oives
1008 2313 1137 2392 propter
1159 2306 1323 2392 Consules,

200 2429 260 2474 neo
281 2428 359 2490 gens
374 2416 517 2496 propter
547 2409 683 2492 Regem,
713 2409 770 2476 sed
792 2430 810 2475 e
833 2431 984 2477 converso
1014 2409 1167 2475 Consules
1194 2416 1337 2493 propter·

202 2509 302 2593 aives,
339 2516 371 2577 et
402 2511 472 2577 Rex
500 2514 631 2594 propter
660 2517 795 2592 gentem.
845 2511 929 2592 Quia
961 2510 1229 2593 quemadmodum
1259 2531 1324 2577 non

152 2627 184 2676 50
202 2611 317 2696 politia
347 2611 389 2675 ad
417 2611 519 2693 leges,
549 2610 689 2692 quinimo
718 2611 807 2693 leges
832 2613 874 2677 ad
902 2613 1047 2697 politiam
1074 2620 1248 2696 ponuntur,
1278 2611 1326 2677 sio

203 2712 376 2785 seeundum
403 2714 508 2795 legem
535 2712 697 2796 viventes,
726 2733 790 2779 non
819 2713 861 2778 ad
889 2714 1105 2796 legislatorem
1129 2713 1324 2796 ordinantur,

203 2812 260 2879 sed
287 2815 391 2895 magis
419 2815 475 2881 ille
503 2814 546 2878 ad
568 2813 641 2897 hos,
671 2820 705 2878 ut
732 2815 828 2881 etiarn
856 2815 1052 2899 Philosopho
1080 2816 1187 2899 plaoet
1213 2814 1247 2879 in
1274 2815 1324 2898 iis,

203 2933 285 2998 quae
315 2915 355 2982 de
377 2915 538 3000 praesenti
566 2916 698 2982 materia
725 2916 817 2982 nobis
840 2916 881 2981 ab
910 2936 948 2982 eo
977 2916 1088 2984 relicta
1118 2920 1197 2982 sunt.
1242 2915 1326 2981 Hine

185 3169 188 3173 ·
228 3150 251 3181 ³¹
268 3149 306 3203 M.
323 3150 352 3204 P.
374 3148 492 3220 Propter
509 3134 584 3220 duod
600 3149 738 3204 sciendum
797 3149 800 3154 ’
818 3151 841 3182 ⁴⁸
858 3150 891 3203 H.
911 3167 925 3204 e
943 3152 1081 3206 contrario
1095 3159 1212 3223 propter
1229 3151 1277 3206 elo.

191 3267 194 3274 ·
271 3239 310 3286 est
815 3234 1326 3307 llF.H.M.P.--A.L.V.propter

163 3347 166 3354 .
229 3318 252 3350 ³⁹
268 3316 300 3370 P.
315 3316 738 3390 polytiaontur-Rpoliticaat
856 3320 936 3384 cives,
958 3318 1020 3373 Rex
1034 3336 1080 3390 pr.
1098 3326 1204 3390 pentem

270 3431 302 3439 -
320 3400 353 3455 V.
367 3401 515 3472 policitam
816 3403 838 3436 ⁵⁰
855 3402 885 3456 P.
906 3405 985 3458 imaro
1004 3403 1077 3474 leqes

227 3486 251 3518 ⁴⁰
268 3486 301 3539 H.
319 3489 345 3538 et
358 3486 493 3556 propriae
511 3485 642 3540 libertatis
815 3489 835 3520 ⁵¹
854 3487 883 3540 P.
902 3487 1048 3543 seeundum
1067 3489 1139 3558 tepea
1157 3490 1274 3542 siderales

286 3576 317 3624 F.
336 3570 366 3623 P.
387 3570 430 3624 lib.
448 3570 592 3624 relationes
815 3572 837 3605 ⁵²
854 3572 885 3624 F.
908 3573 941 3624 H.
965 3571 997 3624 L.
1018 3570 1056 3624 M.
1080 3570 1111 3626 P.
1135 3573 1168 3626 V.
1186 3603 1220 3611 —
1238 3576 1270 3626 A.
1296 3579 1326 3625 ut

228 3658 250 3690 ⁴¹
269 3659 301 3710 A.
321 3656 408 3726 muqis
426 3654 524 3726 dilipot
540 3653 660 3709 homiues
856 3655 956 3712 Philos.
970 3656 1064 3728 placet

228 3742 252 3774 ⁴⁶
269 3741 300 3795 F.
319 3740 353 3794 H.
371 3743 400 3791 L.
419 3739 450 3792 P.
469 3738 678 3810 interpolatae
815 3741 837 3774 ⁵³
853 3741 891 3795 M.
911 3740 944 3795 ab
963 3757 994 3794 eo
1012 3739 1099 3793 reluta
1116 3747 1179 3794 sarit
1250 3744 1323 3808 4:

271 3962 294 3994 ³³
310 3960 343 4014 Id
370 3959 461 4015 estin
487 3959 675 4012 Amsrounnrs
702 3959 901 4030 Metaphyml.
928 3964 952 4013 ’2.
989 3959 1124 4014 Translat.
1143 3966 1211 4014 ant:
1240 3961 1328 4028 „liber

201 4028 282 4082 homo
309 4029 419 4093 suimet,
450 4033 476 4080 et
502 4042 557 4080 non
579 4026 688 4080 alterius
715 4042 798 4082 causa
822 4032 888 4082 est“.
959 4027 983 4060 ³⁹
1000 4028 1187 4095 „politizant“,
1214 4030 1325 4083 verbum

201 4096 362 4160 barbarum,
387 4095 503 4163 mihique
521 4110 630 4159 novum,
662 4109 713 4161 quo
739 4110 868 4163 ‚regnare
893 4100 919 4149 et
944 4094 1045 4148 civitati
1072 4100 1216 4164 praeesse“
1241 4098 1324 4166 signi-

200 4164 278 4286 iipalrp’5
294 4170 368 4232 puto.
440 4165 463 4196 ⁴³
480 4163 528 4216 ΙΙΙ.
548 4169 570 4216 5.
590 4164 624 4229 (l)
693 4162 715 4195 ⁶³
732 4136 765 4215 il.
796 4164 1055 4230 grsAuisrounnns
1090 4163 1194 4219 Politie.
1226 4166 1274 4218 ΠΙ.
1299 4170 1324 4219 4.

202 4248 216 4286 e
282 4273 287 4284 .
