2940 4808
464 337 598 392 DANTIS
617 337 887 439 nonancurte-11.
906 352 929 391 o.
949 340 973 391 2.
1229 335 1267 394 41

153 511 247 577 rebus
268 509 470 575 inferioribus
493 510 619 594 bonurn,
643 529 738 591 quum
761 509 895 592 abipsa
918 509 1087 575 materia
1116 529 1271 576 essenon

152 613 262 699 possit,
285 612 356 677 sola
376 610 520 693 potentia
548 612 719 694 existente,
748 611 915 695 perprius
944 611 984 675 ab
1014 611 1179 677 artifice
1201 614 1270 678 Dec

152 714 202 798 sit,
227 719 259 779 ct
281 711 467 779 secundario
489 713 624 796 acceto,
649 712 733 795 quod
757 731 946 795 organum
969 717 1018 778 est
1032 712 1109 778 artis
1132 713 1269 797 divinae,
1289 733 1321 783 25

152 835 248 899 quam
271 817 425 880 Naturam
448 814 652 881 communiter
674 815 847 900 appellant.

238 915 288 981 Ex
310 917 362 982 his
380 916 449 1000 jam
463 917 571 1000 liquet,
596 915 683 996 quod
700 915 763 999 jus,
788 934 883 997 quum
906 917 946 981 sit
964 917 1088 998 bonurn,
1111 918 1272 1001 perprius

151 1020 186 1084 in
207 1023 313 1085 mente
336 1018 397 1084 Dei
426 1023 488 1083 cst:
518 1021 550 1081 et
572 1036 668 1099 quum
697 1037 789 1083 omne
813 1017 897 1099 quod
926 1017 959 1081 in
989 1023 1094 1083 mente
1123 1020 1185 1085 Dei
1214 1025 1271 1104 est,

151 1121 194 1186 sit
216 1121 305 1185 Deus
328 1117 435 1204 (juxta
457 1118 551 1184 illud:
574 1119 688 1202 „Quod
709 1119 899 1202 factumest,
922 1119 955 1183 in
976 1119 1047 1202 ipso
1063 1119 1130 1184 vita
1152 1120 1270 1207 erat“);

151 1227 185 1289 et
207 1223 296 1287 Deus
324 1222 463 1288 maxime
492 1220 631 1305 seipsum
659 1220 752 1302 velit,
782 1220 937 1304 sequitur,
967 1220 1052 1302 quod
1069 1221 1125 1304 jus
1149 1242 1169 1285 a
1190 1225 1270 1307 Dec,
1291 1243 1322 1293 ao

151 1328 248 1410 prout
270 1323 304 1388 in
326 1325 363 1390 cc
387 1328 451 1406 est,
475 1322 516 1388 sit
537 1323 680 1390 volitum.
732 1321 773 1386 Et
796 1341 891 1403 quum
913 1324 1063 1390 voluntas
1085 1324 1273 1392 et‘volitum

153 1425 190 1490 in
211 1428 282 1493 Deo
306 1425 348 1490 sit
369 1425 464 1509 idem,
487 1425 629 1506 sequitur
648 1424 788 1507 ulterius,
813 1421 898 1505 quod
921 1423 1061 1490 divina
1084 1428 1273 1494 voluntas

153 1527 198 1594 sit
219 1527 324 1613 ipsum
343 1528 420 1611 jus.
465 1527 507 1592 Et
527 1527 640 1591 iterum
663 1546 703 1591 ex
727 1527 787 1591 hoc
809 1526 965 1609 sequitur,
992 1528 1078 1609 quod
1095 1530 1149 1613 jus
1170 1531 1204 1595 in
1225 1551 1272 1598 re-

153 1631 216 1696 bus
237 1630 316 1694 nihil
333 1633 382 1696 est
397 1628 493 1711 aliud,
518 1649 614 1710 quam
636 1627 809 1694 similitudo
826 1627 954 1693 divinae
971 1631 1152 1699 voluntatis.
1180 1633 1273 1699 Unde

152 1730 199 1816 fit,
223 1730 309 1814 quod
332 1729 486 1812 quidquid
510 1729 636 1794 divinae
659 1729 815 1795 voluntati
832 1750 896 1795 non
918 1736 1078 1815 consonat,
1101 1733 1206 1818 ipsum
1219 1735 1273 1819 jus
1292 1752 1324 1804 35

156 1853 228 1899 esse
250 1854 311 1898 ncn
333 1833 450 1916 possit;
475 1835 507 1896 et
522 1829 678 1913 quidquid
700 1829 827 1896 divinae
843 1833 999 1898 voluntati
1023 1839 1072 1898 est
1094 1854 1274 1922 consonum,

150 1935 208 2020 jus
228 1935 333 2020 ipsum
355 1934 405 2000 sit.
450 1934 651 2019 Quapropter
676 1950 842 2015 quaerere,
872 1939 975 1998 utrum
999 1934 1038 2000 de
1063 1934 1136 2019 jure
1158 1938 1276 2004 sactum

184 2137 209 2168 ²⁸
225 2136 256 2189 Ρ.
288 2152 340 2205 que
375 2140 476 2190 arcturo
515 2134 691 2188 communiter
810 2139 948 2189 cesserunt
964 2135 1093 2190 editiones
1111 2138 1193 2192 mole:
1206 2156 1276 2210 pro-

225 2221 472 2292 oppellotur-M.
493 2236 574 2290 quom
591 2225 691 2272 notura
805 2219 888 2288 prius

226 2321 319 2361 comm.
339 2306 462 2377 appellat
768 2303 791 2336 ³⁰
808 2303 838 2356 F.
857 2305 977 2360 maxime
994 2306 1082 2376 pnsum

184 2391 208 2424 ²⁷
225 2391 319 2445 Lectio
347 2397 481 2459 quotenus
506 2391 571 2460 jus,
612 2404 691 2456 quam
826 2391 949 2458 requiror
966 2407 1020 2444 non
1038 2391 1135 2459 legitur
1151 2392 1180 2445 in
1197 2392 1228 2445 F.

227 2474 305 2529 affert
315 2475 404 2540 Zatta,
422 2490 475 2528 non
490 2473 604 2527 habetur
621 2473 648 2526 in
659 2472 690 2524 F.
770 2473 792 2505 ³¹
811 2480 851 2527 cot
869 2474 944 2528 deest
961 2475 989 2528 in
1008 2475 1039 2528 F.

245 2559 343 2614 Omnes
367 2574 435 2627 quae
452 2557 588 2611 Fratieell.
612 2572 691 2626 prae·
771 2559 793 2591 ³⁷
811 2558 855 2611 An
873 2559 1048 2628 quaerendo?

349 2727 414 2784 Onu
433 2727 489 2798 apli
505 2727 599 2780 αννίννι
617 2725 694 2780 cd'un
712 2727 854 2782 mcdooimo
873 2727 965 2798 lopiac,
1028 2744 1030 2748 “

414 2793 539 2850 Secundo
556 2794 657 2864 specie,
676 2811 717 2847 me
738 2796 774 2850 lio
793 2798 924 2867 epcpqio
941 2796 1043 2864 fratem

413 2862 441 2916 E
457 2864 501 2916 νον·
517 2868 624 2916 croscete
641 2876 692 2915 con
729 2864 815 2918 ioerso
834 2865 958 2934 inpeqno.

347 2980 383 3036 Se
399 2981 476 3051 fosse
495 2999 512 3033 o
526 2988 615 3051 petato
633 2981 660 3035 lo
678 2998 740 3036 cera
758 2980 881 3047 deductu,

415 3048 534 3171 tfttt
551 3049 709 3189 ttttjt
720 3051 860 3188 {iiiiii
874 3065 1019 3171 iidifma’

947 3156 954 3180 i

348 3238 393 3291 Ma
411 3235 438 3289 la
455 3241 555 3290 notura
573 3235 600 3289 lo
618 3235 653 3289 dci
670 3251 778 3305 sencpre
794 3250 897 3299 scema,
952 3278 955 3281 .

414 3302 595 3357 Sincilemente
612 3305 751 3374 operando
769 3302 815 3358 oll’
834 3305 943 3370 article,

418 3371 460 3425 Cd’
479 3371 515 3425 do
533 3371 624 3426 t'abc'to
643 3371 704 3425 dele
723 3382 794 3437 arte,
813 3388 827 3424 e
844 3388 907 3425 mon
925 3371 973 3426 cde
991 3379 1083 3427 tremo.

347 3489 432 3554 Pero,
452 3506 480 3543 se
498 3489 520 3544 tt
535 3491 614 3545 coldo
632 3507 710 3545 amor
727 3491 754 3545 lo
772 3489 867 3546 chiara
885 3491 953 3543 vista

416 3558 498 3612 Bello
510 3560 605 3628 primo
622 3561 693 3612 virtut
711 3559 824 3629 dispone
841 3575 856 3612 c
873 3574 970 3627 separa,

418 3626 499 3680 Turta
518 3626 545 3679 lo
556 3627 705 3697 perfetioa
724 3627 799 3695 quivi
814 3629 834 3680 ε’
852 3628 984 3695 acquina.

265 3711 306 3766 of.
325 3711 388 3765 ibid.
408 3712 427 3764 I.
452 3715 591 3765 rat-130.

232 3815 255 3846 ²⁴
272 3812 373 3867 Ibidem
390 3811 488 3865 XXIX.
508 3815 550 3864 32.

403 3933 538 3948 ......
557 3895 644 3966 quelle
662 3895 848 3956 (substantiaet
866 3896 954 3966 furca
972 3899 1040 3950 eima

402 3964 455 4017 Nol
470 3964 580 4031 mondo,
599 3969 627 4017 in
645 3962 693 4018 cicc
706 3979 781 4034 puro
799 3969 871 4018 atto
888 3963 922 4033 fu
935 3964 1077 4034 produtto.

335 4031 411 4086 Puro
454 4040 576 4087 otcozo
594 4040 672 4086 tenne
688 4031 716 4085 la
730 4039 812 4101 parte
830 4033 899 4086 ima:

401 4049 455 4154 siit
471 4117 564 4155 mezzo
582 4102 680 4154 striase
692 4107 849 4170 potenza
867 4114 917 4152 con
936 4104 1009 4152 otto

404 4169 455 4223 Tol
473 4170 553 4233 nime,
571 4167 619 4224 cde
636 4169 766 4239 piammoi
782 4183 836 4231 reon
853 4168 879 4219 si
895 4166 1001 4220 dicimo.

232 4257 255 4288 ²⁴
272 4256 366 4309 Emer.
385 4253 481 4306 Inccm
502 4260 522 4306 1.
541 4270 564 4306 v.
584 4258 606 4306 7.
717 4253 740 4285 ²⁹
756 4251 864 4306 Evano.
883 4250 998 4305 ionsnn.
1023 4257 1043 4304 1.
1062 4268 1086 4306 v.
1107 4257 1131 4318 3,
1149 4224 1191 4306 4.⁴
