2940 4808
199 313 239 374 28
462 317 597 372 DANTIS
615 318 834 375 MONARCHIA
851 318 873 370 Ι.
893 317 921 372 C.
943 324 982 373 14.
1001 322 1062 383 (16).

199 491 370 555 Praeterea
384 510 435 555 res
451 488 566 554 dicitur
581 511 651 558 esse
665 491 787 576 melior,
809 512 866 576 per
881 511 952 557 esse
966 491 1173 576 propinquior
1188 491 1319 576 optimo,

201 599 233 658 et
252 591 324 657 finis
345 592 445 657 habet
464 593 619 659 rationem
642 593 767 677 optimi,
798 592 856 658 sed
882 592 951 659 fieri
973 614 1030 677 per
1058 612 1155 658 unum
1177 598 1227 659 est
1248 614 1319 678 pro-

152 710 182 760 15
201 693 349 778 pinquius
377 693 446 777 fini,
481 715 557 779 ergo
587 702 636 761 est
669 695 793 761 melius.
837 696 879 759 Et
907 696 992 776 quod
1027 695 1070 760 sit
1101 695 1320 781 propinquius,

201 801 290 881 patet
312 797 371 862 sic:
396 795 445 861 Sit
466 797 537 862 finis
561 797 600 881 C,
623 796 692 864 fieri
713 818 770 882 per
792 817 889 862 unum
910 797 954 882 A,
983 817 1041 880 per
1062 798 1156 880 plura
1177 799 1206 882 A
1230 803 1262 863 et
1283 798 1319 864 B.

201 899 404 965 Manifestum
434 903 497 983 est,
533 899 618 980 quod
653 899 777 980 longior
805 905 853 966 est
881 899 935 963 via
962 900 1004 965 ab
1027 900 1056 964 A
1084 920 1142 984 per
1170 899 1196 963 Β
1224 899 1257 963 in
1286 899 1321 983 O,

203 1019 298 1082 quam
320 1002 361 1066 ab
383 1002 414 1065 A
436 1006 558 1065 tantum
579 1001 612 1064 in
636 1000 669 1066 C.
716 1001 780 1068 Sed
808 1003 979 1067 humanum
1000 1018 1102 1082 genus
1123 1005 1231 1086 potest
1252 1001 1321 1084 regi

200 1122 375 1186 perunum
398 1122 579 1187 supremum
600 1102 786 1187 principem,
810 1104 864 1185 qui
886 1110 936 1169 est
956 1103 1138 1169 Monarcha.

151 1217 183 1267 20
287 1206 422 1287 Propter
450 1203 536 1285 quod
564 1204 794 1270 advertendum
823 1225 915 1290 sane,
947 1204 1047 1288 quod,
1077 1224 1173 1287 quum
1196 1203 1320 1288 dicitur,

200 1306 371 1371 humanum
393 1325 493 1388 genus
513 1310 620 1389 potest
640 1307 709 1387 regi
731 1327 906 1391 perunum
928 1326 1108 1392 supremum
1131 1305 1320 1391 Principem,

199 1428 263 1473 non
292 1408 338 1472 sic
365 1408 607 1489 intelligendum
641 1414 703 1491 est,
736 1414 771 1472 ut
798 1408 930 1475 minima
956 1409 1076 1474 iudicia
1098 1409 1321 1490 cuiuscumque
1386 1410 1389 1423 '

202 1509 365 1594 municipii
387 1510 500 1576 abillo
516 1510 777 1577 unoimmediate
799 1511 926 1596 prodire
948 1511 1086 1594 possint,
1112 1529 1207 1592 quum
1224 1510 1321 1577 etiam

201 1613 291 1693 leges
329 1612 539 1697 municipales
573 1612 763 1695 quandoque
803 1613 966 1697 deficiant,
1007 1617 1039 1678 et
1070 1632 1149 1696 opus
1182 1612 1324 1678 habeant

149 1728 181 1778 25
204 1713 367 1798 directivo,
384 1719 418 1779 ut
432 1719 522 1799 patet
534 1735 592 1799 per
605 1715 835 1800 Philosophum
853 1716 886 1780 in
901 1715 1010 1797 quinto
1026 1713 1068 1778 ad
1082 1713 1322 1798 Nicomachum,

203 1812 392 1880 ἐπιείκειαν
415 1818 696 1884 commendantem.
741 1817 870 1883 Habent
890 1837 1028 1899 namque
1042 1817 1197 1899 nationes,
1213 1833 1321 1900 regna,

203 1920 235 1982 et
258 1917 417 2002 civitates,
440 1918 523 1991 inter
545 1938 579 1984 se
601 1918 828 2003 proprietates,
853 1938 931 2000 quas
953 1919 1078 2000 legibus
1102 1918 1323 1984 differentibus
1370 1908 1373 1915 ’

201 2019 341 2100 regulari
364 2024 497 2105 oportet.
541 2019 600 2086 Est
618 2020 702 2086 enim
723 2022 777 2087 lex
791 2021 903 2102 regula
917 2020 1072 2087 directiva
1086 2020 1182 2086 vitae.
1219 2020 1325 2087 Aliter

202 2121 320 2205 quippe
342 2122 480 2202 regulari
510 2128 636 2205 oportet
659 2121 811 2208 Scythae,
843 2124 896 2204 qui
925 2128 1016 2189 extra
1037 2121 1206 2205 septimum
1228 2121 1325 2187 clima

150 2222 360 2305 aquirentes,
401 2228 432 2288 et
470 2243 618 2306 magnam
659 2224 782 2291 dierum
816 2230 847 2289 et
886 2223 1024 2290 noctium
1062 2223 1324 2305 inaequalitatem

200 2322 374 2407 patientes,
407 2325 601 2392 intolerabili
635 2327 726 2406 quasi
757 2326 867 2407 algore
900 2324 1025 2407 frigoris
1057 2330 1258 2410 premuntur,
1292 2329 1324 2392 et

229 2476 250 2507 ¹³
268 2475 301 2527 A.
327 2475 359 2528 F.
384 2475 422 2528 M.
447 2477 479 2530 V.
505 2506 537 2514 —
561 2476 593 2529 L.
619 2475 738 2547 Proptm
819 2476 839 2508 ¹⁹
856 2476 893 2529 M.
912 2492 1041 2528 summum
1056 2476 1212 2546 prbrcqcem

269 2576 313 2614 res
331 2590 363 2599 -
381 2560 412 2614 P.
432 2567 458 2615 et
481 2559 538 2614 edd.
562 2565 617 2613 ant.
643 2559 738 2613 Prima
815 2561 838 2594 ²⁰
855 2561 893 2614 M.
912 2559 1103 2614 advertendum
1121 2568 1161 2615 est
1177 2576 1244 2614 sorte

268 2661 313 2699 res
336 2675 369 2685 —
391 2645 425 2698 H.
448 2644 523 2710 Quae
546 2661 645 2698 res-
666 2644 737 2698 Edd.
814 2647 838 2679 ²³
854 2644 924 2699 Edd.
944 2661 1025 2715 quum
1044 2651 1070 2699 ct
1087 2644 1160 2716 leqes

268 2733 369 2784 recent.
411 2727 558 2784 Praetereo
576 2731 671 2801 primo
694 2746 738 2784 res
815 2732 837 2764 ²⁴
855 2731 889 2786 V.
920 2746 990 2801 opas
1018 2729 1116 2785 habeat
1138 2759 1170 2769 —
1194 2728 1225 2782 F.
1254 2744 1324 2799 opus

284 2814 316 2866 F.
335 2814 368 2866 Η.
388 2815 419 2867 L.
437 2815 468 2868 P.
488 2814 588 2869 dicitur
605 2813 700 2867 melior
856 2814 955 2870 babent

285 2901 318 2954 A.
337 2900 370 2953 H.
395 2900 431 2953 M.
455 2899 488 2952 V.
513 2899 555 2952 Ita
576 2907 604 2953 et
626 2899 737 2953 Ficinus
814 2902 838 2934 ²⁵
855 2901 887 2956 F.
905 2899 943 2954 M.
970 2900 1003 2953 V.
1021 2929 1053 2937 -
1068 2899 1100 2952 L.
1119 2899 1234 2952 directio
1252 2899 1324 2951 —A

267 3002 337 3056 „per
364 2985 470 3038 l'essere
494 2985 548 3054 piri
575 2986 738 3055 propinquo
856 2984 985 3039 directius
1008 3014 1042 3022 —
1069 2983 1100 3036 P.
1130 2982 1261 3038 abactam
1290 3014 1325 3022 —

268 3070 312 3123 ou
330 3071 441 3123 ottimo“
459 3067 608 3136 —Rcliqui
619 3069 737 3140 propin·
854 3068 925 3123 Edd.
944 3073 971 3121 et
988 3067 1073 3122 Ficin.
1092 3067 1239 3121 directione

270 3155 350 3224 quior
385 3154 515 3224 optimae,
552 3151 622 3219 quod
650 3153 736 3221 prima
814 3153 837 3185 ²⁰
854 3151 931 3206 Unus
955 3151 986 3204 L.
1011 3151 1153 3223 cpyelcr'aur
1171 3184 1203 3192 —
1223 3153 1323 3207 caeteri

269 3253 351 3291 manu
370 3243 396 3291 et
413 3237 442 3290 in
459 3236 526 3290 Ven.
544 3237 693 3304 legebatur.
855 3252 938 3292 sensu
956 3236 1074 3290 carentia
1092 3251 1221 3304 quaeque.

232 3325 250 3357 ¹⁴
269 3321 337 3376 Eud.
357 3321 438 3376 habet
447 3321 579 3374 rationem
586 3322 694 3390 operati
706 3351 736 3360 -
814 3321 838 3354 ²⁷
855 3322 888 3375 V.
907 3337 977 3392 quos
992 3321 1097 3392 reptilis
1114 3321 1203 3391 differ.

269 3407 301 3460 F.
321 3406 401 3462 habet
418 3411 484 3470 rat.,·
501 3406 550 3460 sed
564 3406 629 3475 ficri
815 3405 839 3438 ²⁹
854 3406 888 3459 H.
908 3405 1016 3462 Solitas
1032 3413 1113 3461 extro
1131 3407 1272 3477 septimam

269 3559 342 3629 Gap.
357 3558 439 3615 XIV.
464 3557 794 3612 ‘²⁶Aa1srounuasEthic.
806 3556 951 3611 NicomV.
965 3562 1003 3612 14.
1023 3559 1157 3613 Translat.
1177 3563 1247 3611 ant:
1266 3557 1321 3624 „Et
1369 3557 1377 3567 ‘

201 3635 241 3685 est
251 3630 319 3683 haec
328 3634 503 3696 naturaquae
513 3627 657 3696 Epyichcs‚
669 3626 780 3680 directio
790 3626 864 3692 legis,
882 3627 928 3680 ubi
939 3626 1030 3681 deficit
1041 3632 1152 3697 propter
1162 3626 1320 3680 uniuersale.

198 3700 274 3752 Haec
285 3699 355 3751 enim
368 3711 458 3760 causa,
477 3696 569 3750 eteius
579 3695 651 3763 quod
661 3710 715 3748 non
725 3694 814 3748 omnia
825 3693 1320 3762 secundumlegemesse,quoniamde

199 3765 361 3888 qluibnsdalm
378 3763 554 3886 ilnpossffissl
559 3777 659 3831 ponere
675 3763 768 3885 leffplm,
788 3777 870 3882 qfiare
888 3763 1138 3884 senttentiatucaret‘j.
1173 3761 1321 3884 Aliqgantp

200 3849 394 3973 Mglucllresut
406 3847 721 3978 bichliSrectilulMAlsegils‚1
736 3845 1240 3978 ubi’lelrecdeefiscitnplroblerebllqullcllul
1257 3845 1321 3967 pll-

201 3920 341 4025 ticularem
365 3984 465 4023 casum.
507 3967 575 4034 Quia
604 3983 673 4021 enum
704 3967 747 4020 lex
780 3966 871 4020 deficit
895 3983 924 4019 m
944 3967 1168 4034 particularibus,
1198 3973 1251 4020 rsta
1280 3972 1321 4020 est

200 4054 297 4101 causa,
324 4037 397 4105 quod
414 4053 469 4091 non
491 4036 581 4091 omnia
598 4041 713 4104 possunt
729 4033 902 4088 determinari
920 4033 1068 4088 secundum
1084 4033 1182 4102 legem,
1206 4034 1269 4102 quia
1287 4032 1320 4087 de

201 4105 373 4174 quibusdem,
399 4120 468 4172 quae
490 4119 552 4159 raro
570 4103 710 4169 accidunt,
734 4101 902 4170 impossihile
925 4109 966 4156 cst
984 4102 1054 4170 quod
1071 4103 1114 4156 lex
1151 4107 1262 4168 onatur,
1288 4116 1320 4156 eo

201 4173 345 4296 3¹⁰3,anss
361 4179 476 4292 poslsunt
492 4171 581 4227 omnia
605 4171 670 4226 talia
693 4171 728 4224 ab
750 4171 858 4224 homine
881 4169 1040 4238 provideri.“
1074 4170 1116 4224 (tf.
1163 4175 1263 4223 ,3-6.
1280 4169 1318 4224 D.

229 4257 243 4297 e
286 4255 328 4309 egr
347 4257 379 4294 us
397 4247 404 4300 t
422 4284 425 4291 .
446 4247 482 4306 3.)
