2940 4808
149 312 265 367 XLVIII
579 311 865 369 PROLEGOMENA.

149 486 287 559 Dantem
315 488 434 559 dixisse
460 489 643 559 arbitratur.
689 488 861 582 Ingeniose
888 487 1037 584 quidem3
1064 484 1120 557 sed
1147 508 1271 575 vereor,

152 638 192 685 ne
219 615 379 704 subtilius,
404 638 500 710 quam
528 616 646 688 verius·
698 614 825 687 Eodem
854 616 943 686 enim
971 615 1042 686 loco
1070 613 1272 684 adversarios

152 741 234 833 illos,
253 765 474 813 corvorum
493 742 613 838 plumis
633 753 773 840 opertos,
788 768 822 815 se
849 767 950 814 oves
977 741 1091 812 albas
1117 740 1151 810 in
1172 763 1272 835 grege

151 866 284 938 Domini
308 867 428 962 jactare
455 869 516 959 ait,
551 870 636 965 quod
665 880 751 941 certe
779 870 842 942 illis
870 867 1073 965 temporibus
1099 890 1166 938 non
1196 890 1273 938 con·

151 994 253 1085 venit,
297 995 413 1090 quibus
455 996 604 1067 universa
642 995 908 1069 Florentinorum
945 995 1054 1066 civitas
1091 993 1124 1064 in
1165 1006 1273 1088 partes

90 1114 95 1126 “
153 1122 371 1215 nigrorum
408 1131 439 1193 et
472 1122 664 1195 alborum
699 1135 767 1195 erat
800 1124 910 1195 divisa.
964 1122 1139 1218 Nunquam
1173 1122 1274 1212 enim,

153 1248 184 1319 in
212 1260 369 1345 quantum
398 1251 517 1344 seiam,
544 1252 664 1343 evenit,
699 1264 735 1323 ut
762 1253 842 1348 parti
869 1251 1087 1346 nigrorum
1114 1248 1274 1339 addictus,

152 1399 187 1447 se
223 1376 358 1448 album
400 1376 544 1471 jactaret.
608 1378 702 1463 Quod
746 1379 845 1474 igitur
882 1387 994 1448 contra
1040 1400 1101 1447 nos
1142 1376 1275 1448 adduxit

151 1514 381 1598 argumentum
414 1505 669 1577 humanissimus
703 1504 919 1596 adversarius,
945 1504 1043 1595 illud,
1072 1502 1135 1574 nisi
1163 1504 1274 1575 omnia

153 1654 204 1702 me
232 1630 357 1722 fallunt,
382 1655 441 1727 pro
470 1632 562 1705 nobis
589 1642 698 1704 certat.

253 1756 359 1829 lllinus
387 1760 482 1831 etiam
510 1761 600 1832 alteri
627 1769 820 1854 argumento
849 1759 993 1830 dandum
1020 1781 1091 1828 esse
1117 1757 1273 1829 dixerim:

152 1884 246 1955 verba
285 1887 396 1982 capitis
434 1887 531 1984 primi
568 1888 601 1958 in
638 1887 719 1959 libro
761 1885 906 1957 secundo
941 1883 1096 1978 („gentes
1132 1885 1274 1955 fremere

152 2023 264 2084 contra
291 2012 432 2085 Romani
459 2015 569 2111 populi
597 2013 902 2109 praeeminentiam,
932 2011 1070 2108 populos
1096 2034 1178 2082 vana
1206 2035 1274 2082 me·

152 2140 255 2233 ditari,
271 2140 442 2238 Regesque
468 2152 500 2214 et
517 2142 683 2237 Principes
709 2140 742 2210 in
771 2163 809 2211 eo
825 2140 900 2210 vitio
927 2133 1135 2229 concordare,
1162 2148 1198 2210 ut
1220 2138 1275 2210 ad·

151 2280 321 2340 versentur
347 2269 489 2341 Domino
522 2292 599 2358 suo,
632 2277 664 2338 et
697 2269 794 2339 unico
828 2291 887 2338 suo
914 2265 1062 2337 Romano
1091 2264 1272 2361 Principi“)

152 2406 298 2492 tempora
315 2380 497 2468 Henrici
514 2395 592 2485 Vll,
616 2394 665 2465 vel
692 2393 872 2465 accuratius
898 2415 1003 2463 annos
1024 2390 1269 2464 laos-1311

152 2521 305 2594 indicare.
370 2523 405 2595 Si
442 2525 531 2594 enim
566 2521 643 2618 quid
677 2520 791 2610 video,
828 2521 906 2590 baec
940 2519 1065 2609 omnia,
1099 2528 1130 2588 et
1163 2517 1273 2614 pejora

153 2651 267 2742 etiam,
304 2651 426 2746 optime
467 2649 599 2745 quidem
639 2647 795 2719 cadebant
836 2648 868 2717 in
914 2656 1043 2742 tempus
1087 2669 1150 2740 quo
1188 2646 1275 2716 inter

152 2777 385 2874 Adolpbum
421 2787 452 2847 et
484 2776 701 2848 Albertum
735 2776 775 2844 de
810 2772 950 2869 Imperio
984 2772 1175 2862 certabatur,
1210 2796 1274 2868 quo

152 2903 397 2998 Electores.jus
423 2901 592 2974 auferendi
617 2902 655 2973 ab
680 2902 878 2996 Imperatore
900 2910 1063 2995 sceptrum
1092 2897 1155 2970 sibi
1182 2922 1276 2971 usur-

153 3032 288 3127 pabant;
313 3033 368 3104 sed
389 3031 440 3102 vix
467 3030 522 3102 ulli
550 3053 626 3100 aevo
647 3030 755 3101 minus
775 3003 1017 3117 subveniebant,
1035 3048 1131 3121 quam
1160 3025 1275 3121 primis

152 3158 215 3229 illis
251 3159 384 3229 Henrici
429 3158 539 3247 annis,
584 3157 718 3252 quibus,
761 3166 835 3252 post
871 3163 1015 3250 pacatam
1054 3149 1275 3243 Germaniam,

152 3271 335 3381 liliumque,
378 3285 429 3355 vix
477 3284 650 3379 puberem,
699 3284 732 3353 in
774 3281 896 3376 regiam
945 3279 1118 3350 Bobemiae
1162 3279 1274 3350 sedem

153 3424 310 3502 evectum,
327 3421 402 3506 post
420 3390 630 3483 concordiam
651 3433 726 3480 cum
744 3408 892 3504 Pbilippo
915 3406 1054 3478 Pulcbro
1081 3407 1276 3495 restitutam,

153 3540 283 3635 auspice
303 3537 470 3609 Clemente
489 3538 525 3606 V.
552 3536 706 3608 Pontibce
727 3535 880 3625 maximo,
897 3560 913 3606 a
934 3533 1139 3628 magnatibus
1157 3532 1275 3605 ltalicis

154 3667 328 3762 obsequio,
364 3665 389 3735 si
419 3688 484 3735 non
518 3664 666 3752 sincero,
700 3663 851 3734 simulato
885 3645 1025 3751 tamen,
1045 3659 1275 3750 consalutatus,

153 3795 250 3891 Alpes
285 3791 539 3866 transcenderat.
601 3789 682 3860 Tam
717 3788 869 3879 Taurini,
903 3812 998 3884 qnam
1034 3789 1129 3858 Astae
1165 3786 1275 3857 omnia

154 3944 347 4016 prosperum
391 3918 605 4016 expeditionis
650 3928 800 3989 eventum
846 3915 1036 4012 promittere
1072 3913 1275 3985 videbantur.

152 4046 252 4118 Primi
291 4048 454 4119 civitatum
490 4048 570 4118 altae
605 4044 711 4117 ltaliae
749 4055 875 4133 motus,
910 4053 945 4113 ut
972 4041 1143 4112 Mediolani
1178 4050 1274 4136 atque

154 4173 351 4264 Cremonae,
379 4175 471 4246 laoile
498 4173 771 4270 reprimebantur.
825 4169 1068 4259 Calamitatum,
1094 4191 1176 4263 quae
1205 4190 1276 4237 rnu-
