2940 4808
213 312 254 373 56
518 315 653 371 DANTIS
672 316 891 371 MONAROHIA
907 316 941 370 Il.
962 316 990 370 C.
1009 321 1033 368 5.

212 488 284 554 simi
306 508 402 555 verae
425 488 581 556 libertatis
603 489 740 554 auctoris
761 489 886 553 Marci
915 486 1097 553 Catonis:
1131 505 1266 568 quorum
1289 488 1338 552 al-

161 608 194 658 95
212 591 272 658 teri
293 612 351 676 pro
373 591 476 656 salute
497 591 622 673 patriae
637 591 746 657 mortis
768 590 916 658 tenebras
935 610 999 655 non
1015 587 1216 672 horruerunt,
1242 588 1340 672 alter,

212 697 248 756 ut
269 690 386 758 mundo
409 692 566 759 libertatis
587 712 712 758 amores
730 690 932 773 accenderet,
957 690 1067 772 quanti
1090 689 1223 755 libertas
1247 696 1337 757 esset

214 792 366 876 ostendit,
390 792 465 859 dum
487 813 505 858 e
527 793 595 858 vita
616 792 697 858 liber
714 792 868 859 decedere
890 792 1010 875 maluit,
1036 810 1131 872 quam
1147 790 1216 858 sine
1237 791 1334 857 liber-

212 899 279 961 tate
301 915 429 961 manere
451 895 484 958 in
505 894 571 960 illa.
617 894 737 961 Horum
760 895 898 961 omnium
926 913 1041 959 nomen
1071 894 1233 976 egregium
1256 917 1336 962 voce

213 997 344 1063 Tullii
372 995 553 1079 recalescit,
589 996 622 1060 in
649 996 689 1061 iis
719 1017 800 1079 quae
831 995 872 1063 de
899 997 979 1062 Fine
1007 996 1176 1063 Bonorum.
1228 996 1336 1078 Inquit

148 1117 195 1168 roo
216 1099 299 1166 enim
314 1098 439 1163 Tullius
460 1097 522 1163 boo
545 1095 584 1162 de
599 1098 722 1164 Deciis:
745 1098 897 1182 „Publius
912 1097 1045 1181 Decius,
1069 1099 1218 1183 princeps
1240 1098 1274 1161 in
1296 1118 1334 1163 ea

213 1198 352 1281 familia,
382 1198 514 1283 Consul,
545 1218 640 1281 quum
670 1219 704 1265 se
734 1198 921 1282 devoveret,
955 1203 987 1263 et
1016 1218 1098 1280 equo
1133 1198 1274 1265 admisso
1303 1199 1334 1264 in

213 1298 353 1365 mediam
375 1299 477 1365 aciem
499 1300 684 1369 Latinorum
708 1301 864 1384 irruebat,
895 1297 1018 1380 aliquid
1047 1297 1087 1365 de
1115 1301 1334 1385 voluptatibus

213 1400 278 1467 suis
307 1400 484 1483 cogitabat,
513 1402 569 1468 ubi
597 1423 651 1469 eas
680 1407 823 1487 caperet,
853 1406 908 1464 aut
932 1398 1084 1482 quando?
1119 1421 1217 1484 quum
1239 1403 1333 1468 sciret

214 1503 377 1570 confestim
399 1521 469 1569 esse
483 1503 688 1587 moriendum,
713 1522 846 1585 eamque
868 1509 1001 1567 mortem
1024 1500 1203 1568 ardentiore
1226 1502 1331 1570 studio

148 1627 195 1678 105
213 1609 345 1689 peteret,
370 1623 464 1687 quam
478 1604 635 1688 Epicurus
657 1606 855 1691 voluptatem
869 1604 1042 1691 petendam
1063 1605 1213 1688 putavit?
1240 1604 1333 1686 Quod
1368 1676 1371 1685 Δ

241 1806 262 1838 99
280 1806 310 1860 P.
328 1837 362 1845 -
384 1807 417 1859 F.
434 1808 493 1861 veri
515 1806 697 1862 libertatis-
714 1807 747 1861 V.
818 1808 850 1842 ¹⁰²
868 1805 981 1861 Turrius
1000 1809 1027 1860 et
1044 1805 1145 1860 Fratic.
1172 1810 1268 1859 oontra
1290 1820 1333 1860 co·

281 1893 403 1946 veritatis
424 1892 556 1946 libertatis
584 1924 612 1932 -
639 1891 747 1962 Reliqui
867 1891 956 1945 dicum
974 1891 1178 1956 auctoritatem,
1195 1889 1335 1959 ipsiusque

281 1976 409 2031 omittunt
425 1992 505 2031 verae
867 1974 1003 2030 Ciceronis
1016 1980 1132 2030 textum:
1142 1977 1261 2031 irrueret
1272 1993 1334 2030 uum

296 2061 328 2113 F.
346 2060 381 2114 H.
398 2061 429 2114 L.
447 2060 485 2114 Μ.
503 2059 576 2114 P.V.
595 2064 623 2114 et
635 2060 746 2116 Fieinus
867 2060 973 2130 aliquid

280 2145 309 2200 in
319 2145 520 2200 versione—A.
528 2151 554 2200 et
563 2146 637 2200 editt.
649 2148 747 2202 tutoris
882 2144 913 2197 F.
931 2145 965 2200 H.
984 2145 1017 2199 V.
1036 2146 1221 2202 voluntatibus

241 2230 264 2263 99
273 2229 304 2283 F.
315 2229 391 2283 LM.
404 2229 434 2282 P.
444 2228 477 2282 V.
488 2233 560 2285 -A.
571 2231 685 2285 alterius
689 2247 746 2302 pro
819 2229 852 2263 ¹⁰³
870 2228 913 2283 Ita
932 2229 1087 2298 scripsimus
1106 2247 1167 2285 cum
1182 2231 1278 2286 Fieino
1297 2233 1335 2295 (ia

280 2314 478 2368 -H.Fieinus
496 2319 523 2366 et
541 2310 599 2367 edd.
618 2312 747 2382 alterpro
866 2311 915 2368 ebe
931 2314 1010 2368 modo
1029 2317 1055 2369 ei
1072 2315 1094 2369 tt
1104 2316 1250 2388 pipliasse)
1264 2317 1334 2371 Tur-

298 2399 330 2452 L.
350 2398 387 2452 M.
407 2397 437 2451 P.
455 2399 488 2452 V.
509 2427 539 2435 -
562 2397 592 2450 F.
611 2394 748 2450 torruerit
864 2397 905 2451 rio
924 2403 951 2452 et
967 2398 1128 2453 Frat—L.
1146 2407 1173 2454 et
1191 2400 1266 2455 editt.
1286 2417 1333 2456 tm·

279 2514 315 2523 —
331 2484 365 2538 A.
384 2487 563 2538 occurrerant
580 2511 610 2520 -
623 2480 655 2532 Η.
673 2480 747 2534 Fici·
865 2482 931 2552 tiqu.
950 2484 998 2538 abi
1014 2500 1073 2538 eam
1096 2517 1129 2524 —
1153 2485 1191 2538 M.
1220 2491 1250 2539 ot
1274 2502 1332 2541 eam

281 2584 332 2623 nus
352 2572 379 2623 et
396 2567 461 2622 editi
479 2565 586 2622 torruit
864 2598 898 2607 —
915 2568 948 2621 A.
968 2568 1015 2622 rabi
1031 2570 1111 2623 etiam
1128 2599 1162 2608 -
1183 2569 1215 2623 F.
1234 2570 1265 2624 P.
1286 2571 1336 2626 abi

240 2654 263 2687 99
279 2653 312 2707 In
329 2653 360 2707 P.
378 2652 454 2707 deest
477 2666 640 2713 amores-
665 2649 744 2704 Turr.
866 2659 896 2706 at
913 2669 972 2706 eam
989 2684 1024 2691 —
1047 2652 1080 2706 V.
1100 2655 1155 2708 uisi
1166 2659 1197 2708 ut
1215 2671 1274 2710 eant
1305 2684 1334 2694 -

282 2744 308 2792 et
325 2737 427 2793 Fratie.
445 2751 563 2791 amorem
865 2736 899 2789 Η.
918 2737 967 2791 abi
988 2739 1043 2792 uisi
1064 2744 1096 2792 at
1112 2755 1171 2793 eam
1195 2770 1230 2778 -
1252 2739 1335 2809 Apud

298 2823 330 2876 F.
349 2823 379 2876 P.
399 2821 539 2877 accederet
867 2821 1033 2877 Ciceronem:
1070 2824 1229 2894 copitabat?
1261 2824 1333 2878 Nam

241 2908 264 2941 99
280 2907 350 2962 Edd.
368 2924 508 2962 remanere
532 2907 561 2960 ic
578 2906 635 2960 illa.
657 2936 689 2946 -
713 2905 746 2959 F.
866 2906 914 2962 abi
922 2907 1082 2973 camelius:
1100 2908 1333 2979 coelestianam

281 3009 351 3046 mart.
370 2994 451 3046 etiam
468 2992 500 3046 ill
866 3008 928 3062 cap.

240 3077 263 3110 99
280 3077 311 3130 L.
329 3076 484 3131 reclareseit
817 3075 850 3108 999
868 3075 898 3128 Ρ.
917 3075 950 3129 V.
969 3076 1109 3131 ardentior
1127 3109 1159 3117 -
1177 3078 1209 3133 L.
1228 3079 1267 3134 M.
1286 3095 1334 3133 ar·

233 3163 265 3196 ¹⁰¹
283 3160 316 3214 V.
337 3159 484 3215 Consulem.
519 3158 609 3228 (Apud
628 3158 748 3213 Tullium
866 3159 985 3214 electiori

282 3245 461 3312 Consulatus.)
819 3245 852 3277 ¹⁰⁵
869 3243 899 3297 F.
918 3244 952 3297 H.
971 3245 1004 3299 V.
1025 3245 1187 3301 voluntatem

298 3329 332 3382 H.
351 3329 383 3382 L.
401 3328 439 3381 M.
458 3329 488 3382 P.
506 3328 538 3383 V.
561 3344 631 3399 equo
649 3329 747 3382 amisso

282 3515 305 3549 99
324 3501 400 3570 Ocni.
418 3516 560 3569 Aucroms
579 3511 768 3581 Purgatorium
785 3513 805 3566 I.
825 3519 866 3567 71.

484 3598 594 3653 Liberti
612 3637 849 3653 ..........
869 3597 917 3654 elle
936 3600 949 3653 i
966 3598 989 3654 si
1007 3615 1088 3667 cara,

487 3666 566 3721 Come
582 3683 614 3719 sa
631 3664 677 3720 elli
687 3682 742 3736 per
760 3667 796 3721 lei
811 3668 866 3721 vita
883 3667 984 3736 rifiuta.

419 3735 459 3790 Ta
478 3735 499 3789 il
514 3737 574 3798 sai,·
591 3733 638 3788 ebe
656 3750 711 3787 coa
729 3735 751 3788 ti
765 3735 800 3804 fu
813 3750 868 3805 per
886 3734 922 3789 lei
938 3753 1033 3790 amera

484 3802 519 3857 Ire
542 3802 617 3858 Utica
636 3802 662 3856 la
680 3807 778 3868 morte,
797 3818 845 3857 oce
863 3803 986 3859 laseiasti

484 3871 526 3925 le
542 3878 617 3925 resta
634 3869 682 3925 else
700 3870 730 3924 al
745 3887 816 3941 prata
835 3869 862 3924 eli
879 3875 944 3924 sara
961 3871 984 3925 si
1003 3870 1105 3927 citiore.

213 3955 252 4010 Et
269 3954 424 4028 convivium
440 3958 458 4011 l.
478 3972 516 4011 e.:
541 3954 584 4023 „0
601 3955 784 4010 saeratissimo
799 3959 875 4025 petto
892 3954 922 4009 cii
940 3954 1048 4020 Catone,
1067 3954 1113 4010 citi
1123 3957 1288 4027 presrrmerct
1305 3957 1341 4013 di

215 4030 240 4076 te
251 4025 385 4094 pariare?
404 4024 481 4079 Certo
499 4025 712 4096 mappiormente
723 4022 841 4093 pariare
858 4022 891 4094 di
905 4029 929 4076 te
947 4040 1002 4077 aaa
1019 4027 1045 4077 si
1054 4027 1124 4094 pud,
1143 4024 1192 4079 ebe
1211 4032 1300 4081 tacere
1319 4043 1336 4080 e

213 4093 351 4161 aequitare
367 4091 508 4147 Jeroar'mo
523 4092 632 4162 quando
650 4091 696 4144 uel
710 4092 832 4161 proemio
851 4089 923 4144 delia
942 4091 1048 4155 Barata,
1069 4092 1095 4145 let
1112 4092 1180 4146 dove
1198 4093 1229 4147 dt
1244 4093 1337 4149 Paoio

215 4166 306 4223 tocco,
324 4159 383 4214 dice
401 4159 449 4215 ebe
465 4163 563 4231 coeptio
581 4162 594 4214 i
613 4166 716 4223 tacere,
735 4157 784 4212 clre
798 4173 870 4229 poce
888 4158 975 4212 dire.“
1045 4160 1068 4193 99
1079 4160 1180 4214 Cretaeo
1199 4160 1231 4216 de
1242 4161 1334 4217 Finib.

214 4227 277 4281 bon.
296 4230 323 4281 et
339 4227 399 4280 mal.
417 4227 451 4280 II.
473 4233 511 4284 19.
531 4233 601 4293 (blut
