2940 4808
406 317 540 373 DANTIS
559 317 777 372 MONARCHIA
793 319 813 372 I.
832 318 861 373 C.
882 323 922 373 12.
942 323 1004 385 (14).
1232 313 1271 378 23
1346 330 1350 351 ¹

151 494 250 560 etiam
270 495 381 577 patere
402 493 516 573 potest,
540 488 626 571 quod
648 488 845 555 substantiae
867 490 1113 574 intellectuales,
1139 509 1272 572 quarum
1290 495 1323 546 20

150 600 225 662 sunt
245 591 460 657 immutabiles
482 592 670 673 voluntates,
691 611 751 657 neo
772 612 835 656 non
856 591 982 658 animae
1003 597 1171 677 separatae
1193 593 1272 659 benc

153 697 227 763 hinc
241 694 405 776 abeuntes,
420 693 600 759 libertatem
615 692 738 758 arbitrii
748 692 790 758 ob
800 692 1089 759 immutabilitatem
1101 692 1274 759 voluntatis

150 817 216 864 non
238 796 396 878 amittunt,
419 794 478 861 scd
491 794 720 880 perfectissime
742 800 837 876 atque
858 793 1023 877 potissime
1044 794 1106 859 lroc
1126 795 1271 861 retinent.

238 897 309 964 Hoc
337 896 422 979 viso,
455 895 569 960 iterum
596 895 797 961 manifestum
827 914 896 962 esse
924 901 1044 980 potest,
1080 895 1166 976 quod
1193 896 1274 962 haec

152 1001 301 1081 libertas,
336 997 405 1062 sive
433 995 621 1081 principium
649 997 710 1062 hoc
736 995 832 1061 totius
860 995 1017 1062 libertatis
1044 1000 1187 1081 nostrae,
1223 1001 1273 1063 est
1283 1005 1322 1056 25

152 1100 327 1167 maximum
357 1098 474 1165 donum
502 1098 660 1164 humanae
688 1103 818 1163 naturae
845 1099 957 1164 aDco
991 1099 1156 1180 collatum,
1193 1098 1274 1163 sicut

152 1201 237 1286 uixi,
262 1201 337 1284 quia
357 1221 415 1286 per
435 1200 540 1285 ipsum
561 1200 614 1265 hic
635 1199 835 1284 felicitamur,
857 1207 892 1264 ut
912 1199 1067 1284 homines,
1088 1220 1147 1284 per
1168 1200 1273 1284 ipsum

151 1303 233 1370 alibi
260 1303 463 1382 felicitamur,
495 1307 530 1364 ut
560 1301 624 1366 Dii.
668 1300 762 1381 Quod
789 1301 816 1367 si
849 1301 895 1365 ita
928 1308 992 1385 est,
1024 1301 1095 1383 quis
1128 1300 1188 1368 erit
1221 1299 1275 1383 qui

180 1455 205 1487 ²⁰
220 1452 254 1506 A.
274 1452 306 1506 F.
325 1469 396 1523 qeee
412 1457 476 1505 suut
493 1451 671 1505 irrrmetebr'les

179 1540 204 1572 2²
219 1538 252 1592 F.
271 1537 301 1591 P.
320 1537 386 1592 beree
401 1535 464 1591 diere
481 1533 610 1589 babentes

238 1623 274 1677 Η.
293 1623 421 1678 ebeemes
437 1622 465 1674 ie
483 1620 585 1676 eoelum

239 1707 278 1761 M.
296 1707 327 1761 P.
340 1704 530 1762 immutabilem
544 1701 690 1757 volventem

178 1792 205 1826 ²³
223 1790 400 1847 Scribendum
416 1789 521 1844 videtur
538 1786 609 1841 bene
626 1785 689 1838 reti·

221 1883 294 1933 nent.
323 1874 409 1929 Ficin.
428 1881 525 1943 queste
546 1873 689 1941 riteepemo

182 1965 208 1999 ²⁵
224 1963 257 2016 L.
276 1967 303 2016 ct
320 1958 381 2013 edd.
400 1962 509 2012 mostree
527 1955 658 2012 libertatis

176 2048 246 2116 ’ψ
262 2047 296 2101 F.
314 2063 331 2100 e
349 2043 406 2099 Ilee
424 2043 552 2098 eolletem
569 2041 639 2094 sieut
663 2039 691 2092 ie

808 1452 1050 1507 ebbieettm'bm'te:
1066 1450 1275 1522 imperecebe-

809 1531 901 1590 Verba
918 1542 949 1588 et
965 1535 1035 1600 dici,
1052 1550 1120 1603 quae
1136 1536 1295 1592 retinenda

808 1619 927 1688 puto‚ad
944 1619 1049 1673 initium
1066 1619 1147 1675 huius
1166 1621 1275 1690 capitis:

810 1706 942 1773 „primum
976 1703 1139 1774 principium
1167 1711 1276 1762 nostrae

809 1789 941 1845 libertatis
959 1793 1001 1843 est
1018 1788 1129 1845 libertas
1141 1790 1277 1845 arbitrii:“

811 1875 946 1942 respicere
961 1873 1093 1929 videntur.
1112 1874 1277 1930 Commemo-

811 1958 942 2012 rationem
960 1958 1120 2013 Comoedias
1137 1973 1224 2026 neque
1233 1957 1279 2012 Fi·

813 2041 889 2096 cinus
912 2043 1022 2107 habuit,
1048 2057 1099 2097 nec
1125 2042 1279 2098 habueruut

225 2172 336 2186 .....
355 2127 502 2200 quie-P.
520 2144 538 2181 e
555 2125 612 2181 Ilee
630 2123 676 2179 eol
685 2163 690 2175 .

223 2217 295 2271 rme
308 2253 390 2269 .....
404 2211 549 2267 eonrmedr'e
563 2212 615 2264 iem
630 2209 694 2264 dim

225 2301 291 2370 quie
302 2329 337 2340 -
350 2299 381 2351 L.
395 2297 433 2351 ed
449 2313 480 2351 eo
498 2295 557 2351 eell.
575 2296 646 2350 sieut
663 2295 692 2348 ie

225 2382 360 2438 Perediso
367 2381 485 2437 concedis
491 2383 544 2435 iem
552 2378 621 2444 diei,
627 2380 693 2449 quie

222 2499 259 2508 -
276 2468 309 2521 A.
326 2467 361 2521 H.
370 2467 431 2521 V.e
447 2463 504 2519 Dee
514 2463 575 2518 cell.
586 2464 692 2518 strutio

226 2552 290 2608 Per.
309 2550 427 2608 remedie
440 2550 494 2603 iem
506 2547 576 2612 diei,
586 2548 651 2618 qm'e
664 2579 691 2587 —

810 2125 889 2193 primi
919 2126 1000 2182 huius
1034 2128 1122 2196 operis
1154 2126 1278 2181 editores.

810 2208 932 2280 Reliquis
949 2211 1029 2280 igitur
1043 2211 1181 2267 codicibus
1199 2225 1216 2266 a
1233 2227 1279 2265 cu·

811 2294 883 2349 rioso
905 2295 1022 2364 quodam
1038 2295 1164 2351 Paradisi
1180 2295 1281 2351 lectore

812 2379 905 2433 addita
922 2380 1043 2435 dixerim.-

770 2465 793 2497 ²⁸
810 2466 855 2517 An
870 2464 1066 2535 felicitebimer
1082 2471 1112 2519 et
1129 2463 1195 2521 Dii?

828 2548 1282 2604 etDiidcestinF.P.-H.etdici

223 2634 453 2693 Eddelleoeoll:
465 2631 691 2704 quie—Ficinus:

222 2719 274 2777 ebe
290 2719 371 2776 Iddr'e
389 2719 445 2773 elle
468 2733 569 2772 emeee
591 2723 692 2771 metere

827 2633 897 2687 Edd.
917 2634 1036 2700 Quodsi
1051 2635 1090 2688 e'te
1106 2635 1158 2688 erit
1179 2657 1184 2668 ¹

826 2717 1285 2790 H.qer'sqeidembemeeemqenus

348 2837 394 2902 Or,
406 2835 509 2907 perede
526 2853 543 2890 e
560 2840 656 2907 queste
673 2836 740 2907 epm
755 2836 826 2890 eltre
843 2837 869 2890 εἰ
884 2837 1031 2909 resecetis,

381 2904 483 2959 lebete
500 2907 522 2959 ν’
541 2905 555 2958 e
572 2904 599 2958 le
616 2904 688 2957 vietel
706 2902 754 2958 ebe
771 2905 913 2976 eonsiple'e,

383 2970 435 3028 ebe
452 2972 511 3026 dell
530 2987 640 3026 escenso
658 2971 698 3024 de’
716 2976 790 3025 tener·
809 2972 836 3026 le
853 2973 949 3042 repleo.

346 3040 433 3108 Ques?
451 3041 465 3095 e
483 3040 505 3095 il
539 3040 663 3110 ridebere,
682 3038 710 3093 le
727 3038 797 3094 erede
812 3041 839 3093 εί
850 3041 941 3112 piqlie

381 3108 489 3179 Repiee
526 3108 537 3161 i
552 3109 679 3161 mordere
696 3108 724 3162 in
742 3108 793 3172 eei,
811 3108 928 3163 seconde

384 3174 437 3231 Clte
454 3177 538 3230 buoni
553 3191 568 3229 e
584 3177 627 3229 rei
642 3176 731 3230 emori
746 3175 868 3246 eceeeb'e
884 3193 899 3230 e
916 3175 1007 3248 viqlie.

348 3244 427 3300 Celer
445 3243 493 3299 ebe
510 3243 681 3313 repieeertdo
699 3242 805 3297 endere
822 3245 851 3298 et
867 3244 963 3313 foede,

381 3311 407 3367 S
426 3328 551 3368 eeeorser
568 3311 592 3366 d
611 3317 669 3366 este
687 3312 783 3366 terrete
801 3312 932 3378 libertete,

385 3379 451 3435 Pero*
469 3379 596 3435 mereb'td
611 3379 728 3434 deserere
746 3380 776 3434 el
791 3379 898 3435 mendo.

350 3447 434 3514 dede,
446 3464 570 3519 popeem
587 3447 636 3503 ebe
653 3447 684 3502 dr‘
699 3450 857 3503 necessitate

380 3515 474 3587 Serpa
491 3517 558 3587 oeni
573 3532 650 3569 emor
666 3514 716 3570 ebe
734 3515 829 3570 dentre
847 3533 864 3570 e
881 3517 962 3572 eeis’
980 3516 1104 3581 accende,

379 3583 417 3638 m·
432 3583 560 3637 ritmerle
578 3584 592 3636 ὲ
609 3586 637 3637 br
654 3585 700 3637 vel
716 3583 743 3637 le
755 3590 901 3664 potestate.

348 3650 390 3705 Le
407 3650 496 3706 nobile
513 3651 585 3703 vietel
602 3650 731 3704 Beetriee
748 3651 856 3706 mteede

382 3718 436 3772 Per
454 3718 479 3773 le
497 3717 580 3772 libere
598 3717 720 3772 arbitrio.

226 3822 253 3855 ²⁶
270 3822 411 3876 Auouoars
429 3819 575 3874 Paradisus
593 3817 626 3871 V.
648 3823 687 3872 19.

366 3921 406 3976 Le
423 3923 549 3992 mepqior
566 3920 629 3983 doe,
647 3916 696 3973 ebe
714 3917 766 3972 Dio
778 3935 900 3989 persae
919 3917 1067 3991 lerqbezee

399 3989 481 4043 Fesse
498 3989 625 4051 ereeredo,
644 3985 678 4040 ed
694 3985 750 4040 elle
767 4001 818 4040 see
836 3987 944 4041 beetete

372 4053 374 4056 ’
398 4055 451 4112 Pro
469 4057 650 4126 eonsermete,
668 4071 683 4109 e
719 4053 765 4107 uel
779 4051 818 4108 cb'
837 4055 864 4108 ei
873 4056 927 4126 piel
945 4069 1095 4126 oppresse,

366 4124 409 4179 Fu
426 4124 497 4179 delle
514 4123 623 4178 volente
642 4123 668 4177 le
686 4069 816 4185 libertate,

401 4192 439 4247 m·
454 4191 503 4246 ebe
520 4191 545 4245 le
562 4196 687 4246 creature
704 4188 866 4261 intellipeme‘

403 4259 429 4314 Ε
445 4265 511 4314 tutte
529 4276 544 4314 e
561 4260 617 4315 sole
633 4260 702 4330 furo
719 4275 734 4312 e
750 4273 799 4313 son
818 4257 917 4312 detete.
