2940 4808
453 338 588 394 DANTIS
606 338 824 394 MONARCHIA
841 339 862 393 I.
882 339 913 394 C.
931 344 955 394 2.
1241 343 1261 401 5

139 515 181 582 iis
204 533 286 596 quae
307 519 452 596 tempore
472 516 701 601 mensurantur.
716 464 884 578 ‘Maxime
913 518 1019 578 autem
1048 512 1088 580 de
1116 513 1178 579 hac
1200 514 1295 587 trias,

140 616 287 682 dubitata
310 616 510 697 quaeruntur.
531 594 679 678 'Primo
701 632 837 695 namque
861 613 1023 679 dubitatur
1045 620 1076 682 et
1091 616 1262 702 quaeritur,
1328 625 1331 628 ’

140 739 182 784 an
205 718 248 783 ad
270 717 351 784 bene
374 735 445 781 esse
471 713 580 778 mundi
604 715 786 780 necessaria
814 717 863 781 sit.
909 716 1107 801 Secundo,
1137 739 1178 783 an
1199 719 1261 786 Ro-

141 840 254 886 manus
282 819 419 904 populus
450 817 489 882 de
516 815 583 880 iure
605 816 809 883 Monarchiae
838 817 974 885 officium
997 817 1058 883 sibi
1080 819 1261 888 adsciverit.

142 923 185 988 at
206 922 345 1005 tertio,
374 940 415 985 an
444 917 616 984 auctoritas
637 917 842 984 Monarchiae
868 918 1048 1005 dependeat
1069 940 1089 984 a
1112 921 1182 989 Deo
1205 923 1261 988 im-

140 1025 290 1108 mediate,
312 1024 366 1088 111
389 1023 430 1087 ab
451 1020 515 1085 alio
539 1019 601 1083 Dei
622 1019 765 1086 ministro
788 1040 843 1086 seu
866 1021 995 1088 vicario.
1285 1049 1315 1097 10

90 1121 91 1126 ’
225 1127 343 1192 Verum
366 1124 442 1206 quia
464 1121 565 1188 omnis
588 1121 715 1204 veritas,
740 1140 822 1202 quae
844 1143 907 1189 non
929 1129 978 1190 est
998 1125 1196 1212 principium,
1223 1151 1264 1196 ex

143 1228 278 1295 veritate
294 1225 428 1291 alicuius
442 1221 590 1314 principii
605 1222 640 1286 fit
655 1223 836 1309 manifesta;
855 1245 986 1292 necesse
1001 1233 1058 1311 est,
1073 1229 1106 1293 in
1122 1230 1265 1312 qualibet

142 1330 346 1412 inquisitione
368 1327 487 1392 habere
510 1324 655 1390 notitiam
678 1324 718 1390 de
741 1327 913 1413 principio,
935 1330 968 1393 in
997 1333 1083 1412 quod
1104 1334 1264 1418 analytice

143 1435 329 1513 recurratur,
345 1450 402 1514 pro
419 1426 606 1493 certitudine
622 1428 760 1493 omnium
775 1431 1027 1513 propositionum
1040 1454 1122 1516 quae
1132 1434 1263 1502 inferius

143 1535 358 1623 adsumuntur.
402 1530 444 1594 Et
467 1529 542 1611 quia
563 1549 714 1614 praesens
736 1534 888 1597 tractatus
911 1540 959 1599 est
981 1535 1143 1623 inquisitio
1167 1554 1312 1619 quae-15
1349 1554 1370 1577 ⁸*

144 1638 233 1719 dam,
263 1638 336 1699 ante
365 1631 472 1698 omnia
494 1629 535 1696 de
556 1630 712 1715 principio
735 1633 938 1699 scrutandum
961 1656 1032 1702 esse
1060 1638 1201 1725 videtur,
1230 1639 1264 1704 in

144 1739 232 1806 cuius
255 1737 371 1802 virtute
392 1733 542 1799 inferiora
564 1733 746 1799 consistant.
790 1733 849 1799 Est
871 1754 946 1817 ergo
970 1738 1148 1825 sciendum,
1178 1739 1263 1823 quod

144 1839 301 1924 quaedam
330 1842 418 1919 sunt,
449 1854 547 1927 quae,
576 1839 703 1901 nostrae
725 1837 877 1920 potestati
906 1838 1035 1905 minime
1050 1841 1262 1927 subiacentis,

142 1941 300 2029 speculari
322 1935 539 2005 tantummodo
565 1955 749 2019 possumus,
780 1938 905 2021 operari
934 1945 1040 2008 autem
1067 1963 1130 2009 non
1137 1994 1145 2028 ,
1175 1945 1265 2009 velut

48 2093 49 2096 ,
108 2042 378 2141 mathematica,
401 2038 550 2125 physica,
573 2042 605 2102 et
627 2037 744 2103 divina.
789 2038 953 2117 Quaedam
976 2063 1051 2109 vero
1074 2049 1156 2128 sunt,
1181 2065 1263 2128 quae
1281 2030 1313 2116 ao

78 2151 82 2159 '
143 2153 270 2215 nostrae
292 2141 445 2230 potestati
466 2139 672 2222 subiacentis,
694 2159 758 2204 non
780 2141 884 2206 solum
905 2144 1073 2230 speculari,
1095 2147 1265 2213 sedetiam

144 2248 270 2335 operari
285 2263 462 2331 possumus,
478 2247 509 2308 et
524 2241 557 2305 in
570 2240 610 2305 iis
624 2261 687 2307 non
702 2242 845 2344 operatio
861 2249 990 2328 propter
1005 2249 1263 2333 speculationem,

143 2351 202 2419 sed
222 2353 352 2435 propter
374 2343 592 2430 operationem
612 2342 671 2407 illa
693 2342 883 2429 adsumitur,
914 2349 1064 2428 quoniam
1091 2350 1125 2415 in
1146 2351 1264 2416 talibus

144 2451 286 2538 operatio
309 2452 359 2515 est
379 2446 460 2512 finis.
504 2446 608 2524 Quum
631 2463 706 2526 ergo
729 2447 863 2513 materia
884 2468 1036 2532 praesens
1057 2451 1189 2535 politica
1213 2451 1262 2536 sit,

142 2555 207 2645 imo
230 2553 300 2619 fons
322 2555 418 2631 atque
438 2547 627 2631 principium
643 2552 800 2612 rectarum
814 2548 1005 2634 politiorum,
1030 2555 1062 2618 et
1076 2572 1168 2617 omne
1182 2552 1262 2637 poli·
1281 2571 1313 2621 25

143 2656 241 2722 ticum
251 2659 379 2720 nostrae
391 2647 542 2736 potestati
553 2647 730 2733 subiaceat,
748 2649 950 2716 manifestum
964 2657 1020 2735 est,
1034 2652 1120 2734 quod
1130 2653 1265 2719 materia

142 2776 294 2842 praesens
309 2774 372 2821 non
387 2752 430 2817 ad
446 2746 695 2836 speculationem
710 2751 879 2836 perprius,
902 2754 960 2820 sed
981 2753 1024 2819 ad
1046 2754 1265 2839 operationem

144 2858 315 2926 ordinatur.
352 2857 482 2937 Rursus,
505 2872 601 2936 quum
623 2851 656 2915 in
679 2852 894 2934 operabilibus
916 2854 1106 2939 principium
1121 2861 1153 2921 et
1168 2877 1265 2923 causa

145 2961 283 3029 omnium
297 2958 339 3023 sit
354 2958 482 3022 ultimus
497 2955 568 3020 finis
590 2952 712 3039 (mouet
734 2953 818 3019 enim
838 2954 940 3038 primo
961 2955 1133 3042 agentem),
1156 2977 1263 3025 conse-

179 3161 239 3215 ⁵L.
257 3160 300 3216 vet
316 3161 344 3215 ia
369 3160 402 3214 iis
425 3173 498 3229 qaae
526 3187 548 3196 —
576 3155 615 3211 M.
638 3153 682 3209 vet
797 3170 892 3211 manns
918 3157 1054 3212 recentior
1081 3159 1169 3213 verbis
1201 3163 1264 3213 aate

211 3262 295 3317 saper
312 3245 346 3298 iis
364 3259 435 3314 qaae
544 3317 547 3321 Ι
590 3256 596 3266 ·
797 3240 1263 3314 1111111111-161111111111111111-

227 3331 372 3385 Eddrett.
392 3327 578 3399 temporaliter
594 3340 678 3380 mear.
797 3341 861 3379 num
878 3325 1029 3394 adscripsit.

228 3415 260 3469 F.
280 3413 404 3469 Maxime
420 3413 454 3468 de
471 3411 523 3467 troo
539 3413 593 3466 tria
755 3409 778 3442 ²⁰
794 3410 833 3463 A.
843 3409 916 3464 aetat
933 3411 1119 3482 metaphysica
1129 3416 1155 3466 et
1165 3411 1217 3466 dia.
1230 3443 1264 3452 —

180 3500 190 3532 ⁸
206 3500 238 3554 L.
258 3505 285 3554 et
303 3498 362 3553 edd.
381 3500 445 3556 ueta.
464 3494 632 3551 Moaaroirae
795 3493 827 3547 L.
846 3494 918 3549 vetat
935 3492 1017 3548 matt.
1030 3493 1223 3567 philosophica
1237 3502 1264 3550 et

179 3585 190 3619 ⁹
206 3584 239 3638 L.
254 3583 341 3638 Ficin.
355 3588 382 3636 11
399 3582 458 3637 edd.
476 3578 645 3636 Monarckae
797 3578 850 3633 diu.

171 3670 192 3703 ¹⁰
208 3669 246 3723 M.
264 3669 297 3724 ab
316 3667 370 3724 alio
388 3666 559 3738 eJas÷nn2
577 3666 611 3720 ab
629 3665 678 3720 ati·
751 3663 774 3695 ²¹
791 3662 877 3717 Edita
895 3662 944 3717 sed
960 3667 987 3718 et

215 3769 267 3824 quc
286 3754 366 3824 ejas?
384 3751 470 3825 Fiein.
490 3750 526 3804 da
544 3749 643 3803 atcarro
754 3748 778 3780 ²³
795 3748 828 3801 A.
839 3747 976 3801 —atred
989 3745 1262 3818 taeepropterittam

170 3839 192 3879 ³²
208 3838 240 3892 F.
257 3839 294 3891 sit
309 3836 457 3905 manifesta
546 3837 550 3845 '
755 3831 969 3885 23241.(11Μ.
989 3831 1261 3888 -Ρ.Η.Ρ.11.111

170 3923 191 3956 ¹³
209 3921 240 3975 F.
259 3921 297 3976 M.
317 3926 344 3976 et
361 3920 421 3975 edd.
441 3920 599 3991 quaestione
796 3917 895 3971 talibas
912 3917 1036 3986 operatio
1052 3915 1159 3984 1111-
1175 3917 1260 3973 Editt.

170 4008 191 4040 ¹⁷
209 4006 321 4060 Turrius
340 4004 511 4060 etFraticell.
523 4008 618 4060 eontra
631 4019 676 4059 co·
796 4000 961 4068 antiquiores
985 4001 1013 4054 ia
1038 4000 1088 4055 tali
1104 4004 1262 4073 operatione

212 4089 507 4156 dicumauctoritatem,
525 4088 677 4143 1111111111-
795 4091 835 4139 ert
850 4083 875 4152 s.

211 4192 276 4230 num
293 4175 442 4243 exceperis,
467 4179 549 4242 capnt
568 4173 677 4228 tertium
754 4170 778 4202 ²⁵
795 4168 831 4223 A.
851 4168 888 4222 Μ.
902 4167 1080 4239 politicarum
1096 4201 1131 4212 -
1149 4171 1181 4226 F.
1189 4170 1263 4243 poti·

212 4260 275 4314 hine
295 4258 437 4327 incipiunt.
472 4259 505 4313 In
522 4274 576 4314 uno
594 4257 676 4327 Maga
796 4254 922 4310 tiriaram
