2940 4808
202 314 242 378 90
494 315 629 372 DANTIS
648 317 868 373 MONARGHIA
884 318 933 372 111.
952 318 981 374 0.
999 323 1025 373 2.

201 490 302 558 otiose
316 494 508 573 moveretur;
533 490 619 573 quod
634 488 803 556 dicendum
817 511 881 556 non
903 496 960 559 est.
999 491 1041 558 Si
1061 493 1170 559 Deus
1193 494 1326 559 vellet

201 591 531 675 impedimentum
563 590 679 674 finis,
712 593 811 658 vellet
839 591 935 660 etiam
965 590 1061 658 finem
1086 592 1323 679 impedimenti;

151 693 295 765 realiter
323 692 419 759 etiam
447 692 548 759 otiose
577 694 684 760 vellet.
735 692 778 758 Et
806 713 902 776 quum
930 693 1001 759 finis
1029 694 1250 779 impedimenti
1272 695 1322 780 sit,

200 817 264 863 non
292 814 362 861 esse
393 794 439 861 rei
464 793 654 878 impeditae;
677 801 876 879 sequeretur,
903 795 1007 862 Deum
1042 797 1126 863 velle
1156 817 1221 863 non
1251 816 1322 864 esse

200 896 295 962 finem
317 901 465 980 naturae,
489 915 583 978 quem
605 894 720 962 dicitur
740 897 827 962 velle
848 915 927 964 esse.

288 998 435 1065 sienim
457 998 565 1077 Dens
587 1019 662 1065 non
693 999 824 1065 vellet
850 997 1183 1083 impedimentum
1205 998 1322 1085 finis,

199 1106 293 1187 prout
314 1121 378 1167 non
400 1101 513 1183 vellet,
546 1104 729 1182 sequeretur
751 1098 794 1164 ad
814 1121 878 1166 non
900 1101 998 1185 velle,
1021 1100 1101 1165 nihil
1123 1100 1164 1167 de
1186 1100 1321 1187 impedi-

149 1207 305 1274 tomento
329 1207 467 1285 curaret,
490 1201 558 1267 sive
580 1207 678 1286 esset,
702 1202 771 1269 sive
792 1221 856 1268 non
879 1207 972 1269 esset.
1018 1200 1084 1267 Sed
1107 1201 1162 1286 qui
1183 1202 1320 1288 impedi-

199 1309 338 1372 mentum
359 1324 423 1369 non
445 1307 548 1387 curat,
577 1323 645 1369 rem
667 1323 750 1386 qnae
771 1307 878 1388 potest
904 1303 1053 1386 impediri
1074 1325 1138 1371 non
1160 1311 1251 1397 curat
1258 1355 1267 1389 ,
1290 1310 1323 1371 et

110 1464 114 1469 .
198 1428 256 1492 per
278 1424 489 1488 consequens,
517 1405 702 1471 nonhabet
729 1404 763 1470 in
785 1405 964 1488 voluntate,
999 1408 1032 1471 et
1054 1404 1141 1486 quod
1162 1406 1234 1488 quis
1258 1427 1322 1473 non

198 1510 296 1575 habet
316 1508 350 1572 in
371 1507 549 1589 voluntate,
572 1527 636 1574 non
657 1507 735 1572 vult.
771 1507 905 1590 Propter
926 1505 1028 1588 quod,
1051 1506 1078 1571 si
1100 1506 1171 1573 finis
1186 1512 1319 1574 naturae

198 1607 346 1695 impediri
367 1613 487 1692 potest,
512 1607 599 1689 quod
619 1613 739 1695 potest,
770 1607 811 1675 de
832 1608 1023 1675 necessitate
1046 1608 1203 1692 sequitur,
1235 1607 1323 1691 quod

149 1732 180 1782 35
199 1713 287 1780 Deus
308 1710 403 1777 finem
418 1714 550 1778 naturae
572 1731 636 1777 non
657 1711 739 1794 vult;
764 1715 796 1776 et
818 1711 864 1776 sic
885 1710 1028 1793 sequitur
1042 1709 1144 1795 prius,
1168 1710 1322 1778 videlicet

223 1880 247 1913 ²³
264 1879 297 1932 A.
331 1879 365 1932 H.
396 1878 434 1932 M.
475 1909 510 1917 -
548 1879 582 1932 V.
616 1879 730 1933 otiosam

264 1970 380 2019 moveret
397 1994 431 2004 -
447 1963 516 2017 Edd.
537 1968 646 2033 praeter
663 1962 730 2016 Fra·

264 2049 312 2105 tic.
330 2065 391 2104 cum
410 2047 486 2103 codd.
506 2047 729 2123 Felin.Laurent.

264 2134 352 2188 Palat.
371 2138 399 2186 et
417 2132 483 2187 Vcn.
507 2134 592 2188 otiose
615 2136 732 2188 movaet

223 2220 246 2253 ²⁸
263 2218 332 2272 Edd.
350 2217 429 2272 vellet
445 2223 471 2271 et
485 2217 568 2287 finem

223 2305 247 2338 ²³
264 2304 295 2356 F.
314 2302 394 2357 aliter
411 2303 495 2356 otiose
511 2302 591 2356 vellet

223 2389 246 2422 ²⁷
263 2388 295 2442 F.
312 2387 342 2441 P.
362 2387 428 2457 qaia
445 2385 588 2441 dt'citur-
603 2386 636 2439 H.
656 2385 732 2457 quod

264 2473 316 2528 dic.
335 2501 368 2510 -
392 2470 462 2524 Edd.
481 2471 532 2540 qui
547 2471 599 2525 dic.
620 2503 648 2511 -
673 2471 729 2526 No·

263 2558 367 2614 hiscum
384 2556 488 2619 iaciunt
505 2556 538 2609 A.
557 2555 588 2608 L.
598 2555 635 2609 M.
651 2555 684 2609 V.
703 2560 731 2610 et

262 2640 537 2698 Ficinus-Rectam
557 2655 616 2695 esse
633 2638 727 2695 lectio·

261 2743 332 2792 nem,
350 2741 430 2795 qnam
448 2724 585 2789 dedimus,
611 2725 729 2795 probant

261 2813 344 2867 verba
361 2809 514 2881 superiora:
535 2809 728 2877 „Manifestum

262 2902 315 2962 est,
334 2895 406 2965 quod
422 2894 497 2949 Deus
517 2895 598 2950 finem
615 2900 728 2950 naturae

261 2982 344 3045 vult‘,
362 2980 397 3035 ad
415 2995 483 3049 quac
494 2979 604 3048 respicit
621 2986 725 3035 auctor.

219 3067 243 3102 ²⁸
260 3067 298 3120 M.
317 3065 350 3120 st
366 3066 451 3136 ipitar
468 3065 542 3120 Deus
565 3096 599 3105 -
618 3065 728 3120 Mallem

262 3148 312 3204 Sia
329 3166 392 3204 vero
409 3148 485 3204 Deus

220 3235 244 3268 ²⁹
261 3234 362 3289 Vocem
382 3233 470 3304 qaod,
494 3249 573 3302 quam
600 3234 663 3289 olim
685 3234 727 3288 in·

260 3318 401 3374 serendam
419 3334 478 3374 esse
493 3318 588 3388 putari
609 3318 657 3384 (ad
673 3336 728 3375 ooo

261 3405 341 3471 velle,
365 3404 440 3474 quod
456 3404 547 3470 citii),
570 3402 600 3457 in
623 3406 727 3458 textum

850 1876 951 1946 recepit
978 1876 1095 1933 Fectio:
1123 1894 1206 1946 quum
1229 1883 1322 1934 tamen

850 1962 884 2016 ab
895 1961 1027 2028 omnibus,
1046 1967 1177 2030 quotquot
1191 1962 1255 2029 vidi,
1275 1979 1321 2020 co·

850 2045 953 2101 dicibus
971 2046 1056 2112 absit,
1075 2047 1215 2117 antiquam
1227 2047 1321 2104 lectio·

850 2145 911 2185 nem
929 2129 1044 2185 restitui.

808 2216 830 2250 ³¹
847 2215 880 2270 V.
900 2231 957 2269 rem
974 2231 1046 2285 qaae
1061 2215 1175 2286 prodest

808 2300 832 2334 ³²
848 2300 880 2353 F.
894 2316 948 2371 per
965 2317 1092 2372 conseqq.
1117 2299 1198 2356 habet
1218 2302 1248 2356 io
1265 2302 1318 2358 ool.

808 2386 832 2418 ³³
847 2385 879 2438 F.
896 2385 927 2439 P.
946 2384 1064 2456 Propter
1088 2385 1163 2454 qood
1176 2387 1243 2455 finis
1261 2393 1318 2443 aot.

808 2470 831 2504 ³⁸
848 2470 886 2524 M.
905 2469 1033 2541 impediri
1048 2486 1104 2525 noo
1112 2517 1114 2522 ,
1115 2476 1211 2541 potest

865 2557 899 2612 V.
909 2555 985 2626 qaod
985 2555 1225 2626 potet-Ficinus
1235 2559 1320 2614 verba

849 2640 924 2712 qood
960 2645 1050 2712 potest
1092 2656 1148 2695 non
1188 2640 1320 2698 habuisse

848 2725 955 2781 videtur

806 2810 830 2844 ³⁵
846 2810 878 2866 P.
889 2810 967 2863 -H.
977 2810 1049 2864 etsie
1060 2810 1144 2880 prius
1155 2810 1270 2865 oidet-
1279 2810 1318 2866 M.

847 2899 873 2949 et
885 2896 924 2948 stc
936 2895 1019 2965 prius
1035 2892 1142 2947 videtur
1153 2924 1187 2932 —
1196 2894 1229 2947 A.
1242 2897 1320 2951 etsie

846 2981 979 3050 sequitat
986 2980 1117 3050 pronum,
1142 2978 1267 3035 videlicet
1284 3009 1319 3020 -

846 3062 877 3115 V.
903 3068 930 3116 et
954 3065 980 3117 si
1004 3080 1078 3135 sequ.
1108 3065 1203 3134 prius,
1235 3064 1316 3119 videl.

847 3147 878 3200 F.
888 3148 961 3203 etsie
971 3149 1095 3218 seqnitur
1106 3149 1196 3218 prius,
1213 3150 1320 3205 scilicet

846 3232 958 3287 —Edd
967 3241 994 3287 et
1010 3234 1049 3288 sic
1065 3249 1139 3304 sequ.
1150 3233 1226 3304 qaod
1233 3235 1319 3306 prius

847 3318 925 3373 videl.

261 3557 335 3627 Gap.
353 3556 396 3613 11.
432 3558 455 3592 ²³
472 3556 594 3624 intelligo
613 3555 690 3624 quasi
707 3554 807 3611 dictum
823 3560 907 3610 esset:
927 3555 974 3622 „Si
990 3555 1065 3610 Deus
1084 3555 1163 3609 vellet
1180 3571 1227 3621 ea,
1245 3572 1318 3625 quoe

193 3627 342 3695 impediunt
359 3625 440 3680 finem
457 3631 576 3689 naturae,
594 3623 612 3677 i.
624 3639 647 3678 e.
667 3640 788 3693 scopum,
806 3638 838 3678 ea
855 3623 891 3677 ad
908 3638 977 3692 quae
995 3623 1081 3677 tendit
1098 3629 1203 3687 natura,
1223 3624 1316 3681 dieen-

194 3695 257 3749 dum
274 3701 353 3760 esset,
372 3710 433 3749 eum
451 3699 477 3748 et
494 3709 526 3747 ea
539 3693 615 3757 velle,
633 3692 668 3746 ad
685 3708 754 3761 quse
770 3691 887 3747 tendunt
902 3692 948 3746 ills
964 3691 1162 3761 impedimenta.
1189 3692 1319 3748 Tendunt

193 3779 256 3818 vero
274 3779 314 3829 eo,
333 3769 363 3816 ut
380 3778 423 3817 res
440 3761 577 3831 Mpeditc,
595 3760 613 3813 i.
630 3776 652 3814 c.
672 3760 732 3816 finis
749 3763 873 3824 naturae,
891 3776 945 3814 non
964 3761 1006 3824 sit,
1025 3776 1080 3815 non
1097 3760 1263 3829 perducatur
1280 3762 1318 3817 ad

194 3831 332 3896 effectum,
359 3831 431 3900 quod
448 3831 573 3900 superius
598 3828 675 3883 dictis
695 3828 918 3884 contradiceret.“
1005 3828 1029 3861 ²⁸
1046 3827 1185 3882 Hactenus
1204 3828 1316 3885 demon-

193 3899 289 3953 stravit
305 3905 409 3964 auctor,
427 3898 481 3953 dici
498 3914 552 3953 non
562 3912 650 3967 posse,
667 3896 755 3951 Deum
771 3896 989 3966 inpedimentum
1001 3895 1062 3950 finis
1077 3899 1193 3950 naturae
1211 3896 1316 3954 directo

192 3967 291 4020 velle.
332 3966 394 4021 Jam
415 3967 538 4036 procedit
561 3965 596 4020 ad
622 3966 735 4019 alteram
758 3964 956 4032 quaestionem,
982 3978 1017 4017 an
1035 3963 1088 4018 dici
1106 3969 1199 4032 queat,
1225 3965 1317 4022 Deum

192 4050 261 4089 non
279 4049 412 4089 curare·
423 4035 455 4089 de
473 4034 527 4089 fine
544 4041 671 4100 naturae,
690 4032 765 4087 cordi
782 4032 807 4087 ei
823 4048 878 4087 non
897 4047 954 4086 esse
972 4036 1063 4085 uuum
1079 4031 1243 4102 impediatur
1261 4049 1314 4089 neo

192 4117 240 4168 ne,
258 4117 320 4155 enm
337 4101 418 4171 igitur
436 4119 521 4170 neque
539 4103 605 4157 velle
622 4101 703 4156 finem
720 4103 834 4154 naturae
850 4099 987 4169 immdiri,
1014 4115 1102 4168 neque
1125 4101 1191 4154 velle
1209 4104 1316 4158 utnon

192 4169 360 4238 impediatur.
380 4202 411 4211 -
430 4171 533 4238 „Prout
550 4187 604 4226 non
622 4170 720 4224 vellet‘
738 4185 787 4238 pro
807 4167 852 4234 „in
870 4175 1002 4238 quantum
1021 4184 1076 4223 non
1095 4168 1191 4223 vellet“
1210 4167 1316 4227 dictum

191 4252 250 4293 esse
267 4241 342 4307 puts.
