2940 4808
466 346 601 403 DANTIS
618 346 838 402 MONAROHIA
854 347 889 400 II.
908 347 936 402 O.
955 353 980 406 5.
1245 348 1284 409 51

153 520 258 588 realis
288 523 320 586 et
351 519 530 603 personalis
559 518 695 584 hominis
731 518 774 583 ad
801 518 962 587 hominem
989 521 1167 606 proportio,
1202 542 1289 604 quae

153 627 291 690 servata
318 621 480 687 hominum
509 625 618 687 servat
646 621 846 704 societatem,
876 625 908 687 et
933 628 1081 707 corrupta
1103 613 1294 710 corrumpit.

152 726 246 793 Nam
274 724 333 788 illa
359 722 566 803 Digestorum
596 722 784 808 descriptio,
816 743 880 789 nou
908 721 986 788 dicit
1016 724 1102 804 quod
1131 727 1208 808 quid
1237 730 1320 793 est5

150 827 256 912 juris,
280 826 338 893 sed
360 822 512 890 describit
538 824 621 890 illud
641 844 699 910 per
726 825 873 891 notitiam
894 825 1005 891 utendi
1032 825 1099 892 illo.
1152 826 1187 893 Si
1210 847 1285 910 ergo

156 924 306 992 definitio
334 925 398 990 ista
427 925 508 992 bene
537 925 633 1008 quid
662 929 726 1009 est,
758 930 789 992 et
819 945 940 1008 quare
969 927 1223 1012 comprehendit,
1254 935 1287 996 et

156 1027 332 1111 cujuslibet
353 1026 516 1093 societatis
538 1026 609 1093 finis
632 1031 681 1094 est
703 1047 867 1094 commune
889 1028 1047 1094 sociorum
1071 1029 1201 1114 bonum,
1227 1052 1280 1097 ne-

158 1149 253 1196 cesse
282 1132 345 1211 est,
381 1127 478 1194 finem
508 1128 663 1212 cujusque
688 1129 770 1212 juris
798 1130 915 1195 bonum
945 1148 1109 1197 commune
1137 1151 1223 1215 esse,
1253 1137 1286 1198 et

156 1229 361 1314 impossibile
389 1234 438 1295 est
464 1229 519 1314 jus
548 1249 636 1313 esse,
667 1231 783 1296 bonum
806 1251 971 1298 commune
1000 1253 1077 1298 non
1105 1231 1282 1299 intendens.
1304 1239 1335 1288 10

158 1333 297 1417 Propter
319 1330 405 1412 quod
426 1331 513 1397 bene
531 1331 694 1397 Tullius
716 1331 749 1395 in
770 1331 874 1414 prima
890 1332 1075 1400 Rhetorica:
1098 1330 1284 1417 „Semper,“

157 1432 278 1517 inquit,
301 1431 365 1516 „ad
379 1432 551 1498 utilitatem
565 1432 774 1517 Reipublicae
797 1434 886 1517 leges
901 1435 1159 1518 interpretandae
1181 1435 1284 1503 sunt.“
1299 1444 1301 1449 '

160 1534 254 1616 Quod
281 1535 309 1600 si
336 1533 380 1599 ad
406 1535 577 1601 utilitatem
606 1555 731 1618 eorum,
761 1536 815 1617 qui
838 1541 910 1600 sunt
932 1537 991 1602 sub
1014 1537 1101 1620 lege,
1125 1538 1214 1621 leges
1237 1536 1283 1602 di-

159 1643 266 1704 rectae
287 1656 362 1702 non
384 1641 472 1720 sunt,
498 1637 589 1718 leges
610 1637 771 1703 nomine
793 1637 863 1704 solo
885 1642 973 1721 sunt,
1003 1659 1042 1704 re
1065 1643 1173 1705 autem
1195 1638 1283 1720 leges
1322 1660 1326 1672 ·
1378 1687 1381 1691 -

159 1759 231 1805 esse
259 1758 323 1805 non
350 1743 491 1822 possunt.
544 1738 649 1821 Leges
678 1739 763 1805 enim
793 1744 918 1824 oportet
946 1739 1091 1806 homines
1121 1740 1283 1808 devincire
1303 1746 1333 1796 15

159 1839 203 1905 ad
230 1839 383 1923 invicem,
416 1843 546 1923 propter
575 1859 772 1908 communem
800 1840 979 1907 utilitatem.
1031 1842 1167 1924 Propter
1196 1842 1283 1923 quod

159 1942 241 2008 bene
264 1939 419 2008 Seneca
441 1938 481 2007 de
503 1941 577 2022 lege
598 1941 632 2006 in
654 1941 736 2009 libro
760 1941 802 2010 de
826 1945 963 2025 quatuor
984 1941 1170 2025 virtutibus,
1200 1943 1280 2026 „Le-

158 2061 232 2125 gem
266 2041 447 2108 vinculum¹¹
480 2041 557 2108 dicit
589 2041 769 2125 „humanae
806 2043 1000 2109 societatis.“
1049 2044 1145 2109 Patet
1175 2044 1281 2128 igitur,

160 2143 246 2228 quod
268 2145 457 2225 quicumque
472 2143 592 2210 bonum
612 2145 821 2229 Reipublicae
842 2144 994 2229 intendit,
1019 2144 1115 2212 finem
1133 2144 1215 2228 juris
1237 2145 1281 2209 in-

158 2245 270 2312 tendit.
325 2245 361 2312 Si
392 2264 468 2327 ergo
500 2246 636 2311 Romani
676 2248 792 2313 bonum
830 2247 1037 2332 Reipublicae
1069 2246 1281 2332 intenderunt,
1300 2258 1333 2307 20

158 2367 269 2414 verum
292 2346 352 2413 efit
373 2335 495 2431 dicere,
517 2346 613 2414 finem
631 2349 714 2432 juris
735 2348 920 2443 intendisse.

201 2530 213 2562 ¹
230 2530 264 2583 A.
283 2532 469 2602 corrumpitur
775 2535 797 2566 ¹¹
813 2533 845 2587 F.
864 2534 973 2588 uomica
990 2533 1077 2587 scirem
1095 2539 1160 2587 suut

201 2616 212 2648 ⁶
229 2614 261 2666 A.
282 2614 357 2685 quod
372 2615 508 2686 quidquid
523 2647 557 2655 —
574 2615 605 2668 F.
620 2615 696 2686 quod
774 2620 795 2651 ¹¹
811 2616 845 2672 F.
862 2617 902 2671 M.
921 2619 954 2672 V.
974 2617 1114 2672 devincere
1131 2649 1163 2657 -
1188 2619 1222 2671 A.
1240 2619 1281 2673 di-

226 2699 334 2770 qur'de‘m
417 2709 419 2713 ’
486 2712 488 2716 ·
813 2702 905 2756 cidere

200 2785 211 2818 ¹
228 2784 266 2838 M.
285 2791 325 2840 est
335 2785 388 2856 jus
774 2787 795 2820 ¹¹
812 2785 881 2839 Edd.
901 2803 984 2855 quum
1002 2789 1031 2840 ire
1050 2787 1119 2840 libro

200 2869 263 2925 7Α.
281 2875 308 2924 et
324 2869 435 2940 quaudo
457 2900 483 2910 —
508 2869 541 2923 F.
560 2869 597 2922 M.
616 2869 648 2922 V.
668 2877 695 2923 et
831 2877 950 2939 quatuor
967 2870 1042 2925 deest
1058 2871 1086 2924 in
1103 2871 1137 2925 L.

225 2955 291 3024 quic
308 2985 342 2993 -
359 2954 393 3007 H.
412 2959 439 3008 et
456 2970 535 3024 quem
828 2955 862 3007 H.
879 2956 1023 3011 uirtutebus
1041 2957 1245 3021 cardinalibus)

201 3037 213 3070 ¹
229 3038 264 3091 H.
282 3038 429 3110 cujuslibet
440 3039 518 3109 juris
774 3040 795 3074 ¹¹
812 3038 845 3092 F.
864 3039 898 3093 Η.
917 3040 951 3094 V.
970 3040 1044 3095 dicut

185 3123 207 3156 ¹³
224 3129 302 3191 suut,
326 3121 398 3191 quod
416 3122 493 3178 codd.
512 3123 614 3178 habent
637 3140 692 3179 om·
763 3123 792 3191 ¹¹,
803 3123 866 3176 ¹⁰H.
875 3124 973 3178 omittit
980 3124 1244 3195 quaeinterprimum
1253 3130 1281 3180 et

224 3223 281 3276 nes,
299 3208 426 3263 omittunt
444 3207 504 3262 edd.
812 3209 926 3263 alterum
943 3209 1121 3281 Rerpublr'cue
1143 3212 1276 3280 leguntur.

241 3292 274 3346 F.
292 3293 323 3347 P.
340 3293 390 3347 sub
408 3293 467 3362 lepe
485 3292 604 3347 directae
771 3294 794 3326 ¹¹
812 3293 845 3346 A.
864 3310 956 3347 verum
975 3300 1015 3348 ert

224 3443 297 3514 (lup.
315 3443 351 3500 1.
387 3444 491 3499 ¹Haec
505 3445 575 3514 juris
594 3444 723 3510 definitio,
742 3445 813 3499 unde
831 3451 920 3499 sumta
938 3445 985 3510 sit,
1003 3446 1103 3500 nescio.
1176 3448 1187 3478 ⁵
1203 3445 1235 3498 L.
1258 3450 1278 3497 l.

152 3528 196 3583 pr.
213 3511 275 3582 Dig.
292 3513 335 3568 De
351 3512 464 3567 Justitia
480 3517 508 3567 et
521 3512 584 3580 jure
600 3513 630 3578 (l.
651 3519 697 3575 1.):
723 3513 777 3578 „Ut
793 3515 930 3582 eleganter
947 3513 1039 3569 Celsus
1058 3512 1158 3576 definit,
1173 3513 1220 3582 jus
1238 3518 1280 3566 est

153 3596 199 3636 ars
217 3581 283 3637 boni
299 3585 327 3636 et
336 3580 445 3650 aequi.“
518 3583 538 3614 ¹¹
557 3579 660 3635 O1cnno
678 3579 712 3634 de
729 3581 885 3636 Inventione
902 3581 1043 3647 138161)
1064 3580 1278 3659 „Quamobrem

151 3648 237 3718 igitur
259 3650 331 3718 leges
348 3649 453 3704 servari
470 3651 590 3728 oportet,
618 3648 728 3702 adeam
748 3665 857 3704 causam
881 3650 984 3718 scripta
1002 3651 1090 3729 omnia
1107 3649 1278 3716 interpretari

153 3717 292 3772 convenit:
310 3718 421 3784 hocest,
441 3732 567 3786 quomam
575 3715 741 3785 reipublicae
759 3717 896 3783 servimus,
915 3733 948 3770 ex
963 3717 1127 3786 reipubhcae
1138 3714 1277 3770 commodo

153 3791 236 3864 atque
252 3785 371 3840 utilitate
388 3786 460 3854 leges
478 3785 713 3865 interpretemur.“
802 3787 822 3818 ¹¹
839 3786 988 3839 Manuruus
1007 3786 1092 3866 abbas
1110 3784 1278 3849 Dunmusrs,

152 3851 1278 3987 511111111101111111113111111111111111111111111

154 3988 232 4043 Tom.
251 3990 285 4056 X,
303 4006 329 4058 p.
350 3993 399 4043 382
410 3994 461 4058 sq.)
469 3940 544 4058 anp.
560 3993 589 4042 4:
609 3988 737 4054 „lustitia
755 3960 809 4043 non
827 3995 920 4043 nostra
939 3936 1105 4053 consdimtio,
1123 3987 1171 4042 sed
1188 3960 1278 4040 divina

152 4057 199 4112 lex
217 4061 273 4123 est,
299 4063 328 4112 et
345 4057 480 4112 vinculum
498 4056 636 4113 societatis
660 4056 819 4110 humanae.“
843 4087 876 4096 -
902 4056 1139 4136 Hoctopusculum
1157 4055 1277 4110 Senecae

152 4125 256 4193 inJ'uria
279 4126 376 4191 tribui,
401 4143 483 4194 quum
508 4124 664 4204 Convivium
686 4124 829 4205 scriberet,
852 4125 1017 4179 intellexrsse
1041 4124 1147 4205 videtur
1163 4124 1276 4178 Dentes.

153 4192 196 4247 Ibi
213 4193 361 4314 11011011.
380 4195 609 4315 1111οῖ01000
627 4199 747 4248 auctoris
756 4207 863 4247 nomme
880 4199 1009 4261 provocat
1019 4194 1055 4248 ad
1072 4193 1170 4247 lrbrum
1189 4192 1277 4262 „dede

155 4277 212 4331 qua
235 4277 267 4317 rc
285 4276 357 4315 veru
375 4278 423 4316 cor
443 4278 518 4316 enar.

1035 4349 1073 4401 4*
