2940 4808
531 307 812 364 Puonueunurm.
1168 311 1235 365 XIX

115 483 271 554 auxilium
301 495 412 554 vocato
440 481 457 553 l
466 482 567 552 ohan
579 508 626 554 ne
653 483 787 573 Paier,
820 483 889 552 viro
923 482 1038 573 docto,
1072 483 1234 556 desiderio

117 635 192 681 meo
219 611 393 682 liberaliter
419 609 596 706 respondit.
641 610 750 694 Quum
779 633 855 679 vero
881 610 1062 680 accuratior
1088 610 1160 683 libri
1180 635 1235 682 ne-

114 738 293 831 gligentius
321 737 431 833 scripti
459 736 586 809 collatio
612 737 756 808 Pesthiui
791 760 858 807 non
886 736 1058 807 commode
1086 749 1154 808 erat
1180 765 1234 834 pa·

113 864 226 954 randa,
254 847 528 936 intercedentibus
553 864 692 935 summis
718 863 886 958 utriusque
911 861 1016 957 Regni
1043 887 1153 936 rerum
1181 890 1235 937 ex·

114 1002 259 1064 terarum
294 991 495 1062 administris
522 1002 556 1062 ut
583 991 684 1063 codex
710 992 780 1088 ipse
805 989 902 1060 llalas
930 990 1009 1061 mihi
1036 994 1236 1065 transmitte·

114 1131 222 1210 retur,
248 1119 376 1213 rogari,
409 1129 440 1189 et
466 1118 528 1189 hoc
554 1119 651 1189 etiam
678 1128 752 1189 voto
779 1117 822 1188 ita
850 1117 971 1213 potitus
997 1141 1083 1209 sum,
1109 1130 1144 1190 ut
1169 1131 1235 1194 tres

115 1269 248 1317 menses
274 1245 312 1316 ad
342 1245 579 1317 conferendum
606 1245 726 1317 librum
756 1244 835 1315 mihi
863 1244 1132 1318 concederentur.

217 1373 329 1468 Neque
362 1373 477 1444 studiis
515 1373 634 1444 nostris
668 1372 859 1462 doluerunt,
900 1371 954 1467 qui
988 1371 1098 1445 Lucia
1133 1374 1234 1447 literis

113 1501 232 1572 lavent.
284 1500 510 1571 Intercedenle
537 1501 643 1590 enim,
679 1499 719 1570 de
747 1523 810 1596 quo
833 1497 902 1593 jam
931 1499 1014 1588 dixi,
1041 1500 1232 1572 doctissimo

114 1626 246 1719 Guasti,
282 1651 394 1698 curam
422 1627 586 1718 codicem,
620 1651 717 1722 quem
745 1649 820 1697 curn
848 1634 898 1697 tot
923 1626 994 1697 aliis
1020 1626 1234 1701 bibliothecae

113 1737 431 1826 Cau'onicornm
471 1753 684 1826 ecclesiae
711 1753 858 1825 Sancti
886 1751 1055 1824 Martini
1084 1755 1162 1826 olim
1190 1730 1263 1827 le·⁴

112 1882 199 1975 gavit
225 1880 379 1971 Facinus,
404 1881 453 1952 vel
480 1881 601 1952 rectius
626 1879 789 1952 Facimus
812 1878 1026 1974 Sauoeusffl),
1050 1879 1235 1978 Episcopus

110 2007 273 2079 Lucensis
302 2008 338 2098 (l
369 2006 488 2100 1503),
515 2031 589 2078 cum
618 2007 760 2079 editione
775 2005 1001 2079 Fraticelliana
1029 2008 1232 2099 confercndi,

110 2135 289 2207 liberaliter
307 2135 339 2205 in
359 2159 394 2206 se
413 2135 554 2231 suscepit
568 2134 617 2206 vir
635 2134 679 2205 ill.
700 2134 870 2205 Saurarou
890 2132 1002 2206 Boucr.
1030 2135 1139 2219 Quum
1156 2160 1233 2207 vero

111 2261 221 2332 dubiis
240 2261 410 2356 aliquoties
428 2261 520 2333 locus
540 2262 618 2333 mihi
637 2285 807 2334 remanere
833 2261 1015 2352 videretur,
1047 2261 1234 2336 Eouuuuuu

110 2385 282 2479 Srcuccn,
316 2387 380 2482 jam
409 2387 632 2460 Prolessorem
660 2381 946 2484 lllarhurgeusem‚
982 2399 1016 2460 ut
1051 2390 1230 2461 editionem

110 2526 258 2587 nostram
295 2539 370 2586 curn
404 2515 487 2587 libro
523 2515 746 2612 manuscripto
781 2516 820 2587 de
855 2517 984 2611 integro
1020 2529 1235 2612 compararet,

111 2644 236 2738 rogavi,
262 2652 294 2712 et
311 2643 360 2712 vir·
378 2641 493 2714 doctus
519 2643 671 2737 precihus
700 2644 782 2716 meis
808 2642 954 2714 officiose
982 2642 1148 2714 satislecit.
1192 2642 1233 2714 Aa

111 2794 154 2841 ne
191 2793 280 2840 nunc
314 2769 444 2865 quidem
482 2792 598 2840 omnes
625 2769 831 2842 dillicultates
858 2794 876 2840 e
904 2769 1011 2841 medio
1039 2781 1131 2841 erant
1158 2770 1234 2842 sub·

108 2898 345 2992 latae,.quare
380 2921 493 2968 mense
528 2896 712 2993 Septembri
746 2898 821 2968 anni
861 2896 956 2968 1872
1000 2896 1138 2968 Lucam
1162 2898 1232 2994 ipse

112 3047 166 3094 me
192 3024 327 3115 contuli,
354 3033 389 3094 ut
414 3025 503 3096 locos
531 3024 647 3096 dubios
674 3024 794 3095 iterum
813 3024 1022 3121 inspicerem.
1071 3024 1134 3095 Sed
1163 3049 1233 3096 mo·

116 3151 241 3223 lestiam
272 3152 310 3222 de
337 3175 398 3246 qua
418 3149 566 3224 illumius
590 3149 656 3245 jam
686 3150 897 3247 quadraginta
916 3177 971 3224 sex
990 3151 1108 3223 abhinc
1126 3176 1232 3224 anuos

106 3293 309 3375 conquestus
336 3288 395 3370 est,
426 3279 588 3375 hodieque
608 3277 796 3370 subsistere,
823 3279 937 3351 dolens
965 3279 1103 3375 percepi,
1130 3303 1231 3375 quum

105 3417 182 3503 post
216 3407 356 3478 duorum
391 3405 550 3478 librorum
579 3405 796 3497 collationem,
823 3407 931 3502 prima
960 3407 1011 3478 die
1039 3406 1233 3498 absolutam,

105 3533 207 3604 altera
235 3532 275 3603 ad
303 3556 385 3629 opus
412 3532 647 3628 perficiendum
674 3533 825 3625 rediens,
861 3535 1031 3624 conclave,
1068 3557 1131 3629 quo
1158 3533 1231 3605 libri

106 3670 290 3750 servantur,
317 3671 417 3750 tanto,
444 3658 680 3731 adornandam
700 3660 870 3733 ecclesiam
898 3672 1020 3758 parato,
1047 3683 1138 3730 sacro
1157 3682 1232 3753 sug-

104 3797 202 3882 gestu
241 3786 385 3858 viderem
419 3787 640 3877 obstructum,
674 3796 708 3856 ut
743 3787 781 3857 ad
819 3789 937 3860 scrinia
965 3787 1074 3859 nullus
1102 3786 1233 3857 daretur

195 4010 221 4069 ¹³)
240 4008 359 4075 Beuue,
382 4009 438 4064 lter
455 4008 574 4063 italicum
594 4008 627 4073 11,
645 4013 754 4064 96-98.
790 4009 1034 4072 Ghlhaaeoscnr,
1053 4008 1143 4063 Storia
1161 4009 1234 4063 della

106 4103 267 4189 laboratura
291 4101 347 4156 ital.
375 4101 406 4156 T.
430 4102 475 4156 VI.
502 4102 583 4157 Parte
607 4102 640 4158 ΙΙ.
670 4117 728 4170 cap.
754 4108 777 4156 5.
804 4104 820 4170 ξ
848 4108 887 4156 lo.
925 4101 1230 4165 Ediz.tlolin.(1809.)

75 4203 80 4211 “
106 4210 136 4265 p.
154 4198 213 4250 6¹0.

986 4282 1026 4344 ν
