2940 4808
151 296 173 347 L
566 297 852 355 PROLEGOMENA.

153 469 186 539 in
215 491 371 568 quantum
396 473 506 562 sciam,
525 483 575 544 est
591 471 705 544 Frater
725 472 827 546 Gumo
845 474 1030 564 Verulana,
1047 475 1278 568 Ariminensis,

154 597 286 671 Ordinis
313 599 586 688 praedicatorum,
604 599 636 668 in
666 600 823 694 opusculo
850 625 936 672 anno
960 601 1054 673 1327
1083 603 1279 699 conscripto,

154 737 184 798 et
205 726 347 799 Gratiolo
375 726 415 797 de
434 723 639 819 Bambajolis‚
659 726 776 797 nobilis
795 724 989 799 Communis
1007 726 1173 799 Bononiae
1193 728 1278 801 Can·

154 853 294 944 cellario,
320 863 519 941 consecrato,
545 850 637 946 cujus
663 853 697 923 in
726 854 831 944 unica,
856 879 956 950 eaque
984 879 1001 924 e
1024 855 1135 926 codice
1163 879 1278 927 manu·

152 981 271 1074 scripto
298 979 510 1053 bibliothecae
538 981 726 1050 monasterii
754 980 933 1053 Classensis
960 1006 1060 1078 prope
1088 981 1276 1054 Ravennam

152 1106 311 1196 desumta,
337 1105 480 1177 editione
506 1107 620 1178 titulus
648 1107 699 1178 bic
725 1119 789 1180 est:

509 1232 545 1304 F.
588 1231 744 1305 Gnidonis
779 1234 919 1306 Vernani

599 1360 816 1432 Ariminensis

528 1483 658 1556 Ordinis
684 1485 899 1558 Praedicator.

421 1611 469 1683 De
498 1623 655 1708 potestate
688 1615 810 1685 summi
837 1614 1004 1686 Pontificis

698 1751 731 1811 et
777 1742 783 1758 '

445 1866 499 1939 De
525 1867 752 1963 reprobatione
769 1867 974 1938 Monarchiae

606 1995 805 2091 compositae

428 2147 445 2192 a
471 2120 576 2191 Dante
601 2120 779 2215 dlligherio
799 2119 988 2191 Florentino

575 2247 743 2319 Tractatus
770 2246 834 2317 duo

403 2397 489 2444 nuuc
531 2375 674 2469 prinmm
710 2376 744 2445 in
782 2374 889 2446 lucem
928 2374 1014 2446 editi.

468 2628 635 2700 Rononiae
662 2626 949 2700 MDCCXXXXVI.

188 2756 271 2852 apud
299 2756 461 2827 Thomam
490 2753 572 2846 Coli,
597 2781 636 2826 ex
663 2767 787 2853 typogr.
816 2756 850 2828 S.
879 2756 1024 2828 Thomae
1050 2756 1233 2849 Aquinatis.

246 2880 283 2953 ln
310 2883 381 2979 ipso
411 2881 507 2977 hujus
535 2883 684 2978 opusculi
710 2884 890 2979 primordio
917 2884 1051 2978 legitur:

196 3011 284 3083 luter
311 3034 384 3082 vasa
410 3010 587 3100 mendacis,
612 3021 645 3080 et
669 3011 843 3106 perniciosi
870 3011 972 3082 Patris
1000 3010 1171 3101 mendacii,
1197 3011 1266 3106 qui·

195 3138 269 3210 dam
297 3138 357 3209 fuit
378 3138 477 3208 multa
496 3137 663 3208 fantastice
682 3137 856 3234 poetizans,
881 3151 912 3209 et
930 3138 1081 3234 Sophista
1099 3137 1267 3228 verbosus,

195 3266 299 3336 verbis
320 3263 541 3339 exterioribus
568 3264 601 3334 iu
628 3266 810 3361 eloquentia
839 3266 948 3338 multis
975 3275 1096 3360 gratus,
1122 3264 1264 3358 quisuis

73 3375 74 3380 ἵ
194 3391 329 3487 poeticis
356 3391 601 3462 fantasmatibus
628 3400 660 3461 et
686 3391 851 3486 figmentis
873 3389 980 3484 junxit
1004 3391 1139 3463 verbum
1158 3390 1266 3463 Philo·

194 3518 337 3614 sophiae,
355 3516 505 3589 boetium
531 3518 738 3609 consolantis,
763 3529 795 3589 et
813 3519 971 3590 Senecam
1000 3519 1083 3590 intra
1102 3517 1267 3590 Ecclesias

192 3644 395 3736 adducendo,
421 3668 486 3715 non
515 3645 622 3716 solum
650 3656 800 3740 aegrotos
826 3647 964 3737 animos,
988 3647 1044 3717 sed
1073 3646 1168 3717 etiam
1190 3647 1265 3718 Stu-

193 3775 302 3846 diosos
342 3771 491 3844 dulcibus
524 3772 722 3866 Syrenarum
757 3774 904 3845 cantibus
941 3772 1093 3845 conducit
1134 3773 1265 3845 fraudu·

193 3901 295 3971 lenter
328 3899 368 3972 ad
401 3898 568 3970 interitum
604 3898 786 3970 salutiferae
818 3900 969 3970 veritatis.
1022 3899 1263 3972 Praetermissis

191 4037 299 4098 autem
327 4027 397 4100 aliis
423 4026 525 4123 ipsius
543 4027 696 4123 operibus
715 4050 789 4097 cum
810 4026 973 4121 despectu,
1002 4027 1165 4122 quoddam
1193 4025 1264 4121 ejus

192 4152 363 4248 scriptum,
389 4153 473 4248 quod
493 4153 713 4226 Monlncnnu
739 4153 841 4224 voluit
864 4153 1035 4249 appellare,
1062 4153 1136 4251 quia
1165 4154 1197 4225 in
1226 4177 1262 4225 ea
