2940 4808
202 297 242 359 64
478 298 613 354 DANTIS
631 297 854 354 MONARCHIA
871 299 906 352 11.
926 297 953 353 C.
972 303 996 351 ἵ.
1018 303 1041 352 8.

404 469 550 524 Excudent
567 469 613 523 alii
630 467 764 537 spirantia
781 469 888 524 mollius
906 484 982 534 aera,

404 553 491 608 Credo
509 554 642 623 equidem3
660 554 733 608 vivos
750 554 849 609 ducent
866 554 899 608 de
916 567 1048 608 marmore
1064 552 1170 617 vultus,

404 639 528 695 Orabunt
546 654 643 694 causas
661 639 771 704 melius,
790 639 911 709 coelique
929 642 1033 693 meatus

402 723 566 778 Describent
584 723 673 787 radio,
693 730 720 777 et
738 724 875 792 surgentia
892 723 982 778 sidera
999 722 1103 777 dicent:

404 807 446 862 Tu
463 815 557 876 regere
574 808 686 878 imperio
704 810 836 877 populos,
854 807 987 872 Romane,
1005 811 1150 874 memento3

402 893 461 947 Hae
478 894 527 948 tibi
545 899 624 948 erunt
641 897 726 959 artes,
745 894 859 963 pacique
876 893 1014 962 imponere
1031 907 1145 952 morem,

149 984 181 1034 55
402 977 518 1033 Parcere
536 978 678 1047 subjectis,
698 983 724 1032 et
741 978 876 1033 debellare
893 976 1033 1046 superbos.

198 1089 449 1175 Dispositionem
472 1111 548 1157 vero
569 1091 633 1156 loci
655 1090 814 1156 subtiliter
834 1090 936 1172 tangit
957 1089 990 1153 in
1006 1093 1127 1171 quarto,
1152 1106 1249 1169 quum
1275 1088 1320 1152 iu-

199 1191 337 1258 troducit
353 1192 468 1258 Jovem
491 1191 533 1258 ad
547 1192 737 1258 Mercurium
752 1191 792 1258 de
807 1193 918 1258 Aenea
932 1192 1115 1273 loquentem
1132 1189 1194 1257 isto
1210 1189 1320 1256 modo:

402 1315 465 1370 Non
481 1315 557 1370 iilum
575 1317 653 1371 nobis
670 1316 786 1384 genitrix
803 1315 982 1384 pulcherrima
1000 1317 1081 1372 talem

403 1400 544 1467 Promisit,
563 1401 728 1470 GraJumque
745 1400 805 1456 ideo
824 1401 865 1454 bis
883 1401 1002 1455 vindicat
1019 1401 1115 1456 aunis:

150 1492 182 1544 60
405 1484 458 1539 Sed
476 1484 533 1540 fore
551 1487 597 1556 qui
613 1486 750 1554 gravidam
767 1485 900 1555 imperiis,
919 1485 1042 1555 belloque
1059 1485 1217 1541 frementem
1326 1497 1328 1503 '

402 1570 509 1625 Italiam
527 1577 638 1638 regeret.

89 1657 91 1661 V
199 1682 373 1765 Propterea
402 1683 480 1748 satis
507 1702 694 1767 persuasum
722 1687 785 1766 est,
822 1681 907 1764 quod
936 1682 1097 1747 Romanus
1133 1683 1272 1768 populus
1296 1702 1321 1748 ,a

199 1788 313 1848 natura
336 1782 499 1850 ordinatus
521 1784 581 1849 fuit
598 1783 640 1848 ad
661 1782 891 1869 imperandum.
929 1783 1013 1864 Ergo
1036 1784 1199 1850 Romanus
1221 1803 1320 1870 popu-

198 1885 248 1951 lus
270 1885 468 1969 subjiciendo
491 1886 553 1953 sibi
574 1886 698 1970 orbem,
722 1885 854 1969 dejure
877 1883 919 1949 ad
940 1884 1108 1970 imperium
1130 1885 1227 1952 venit.

111 2005 121 2041 4

645 2093 766 2167 [oneum
787 2092 869 2165 vua]

283 2239 335 2304 Ad
364 2241 444 2306 bene
474 2260 599 2324 quoque
633 2241 815 2306 venandum
850 2240 1018 2306 veritatem
1049 2241 1202 2325 quaesiti,
1239 2242 1321 2310 seire

200 2345 338 2425 oportet,
362 2341 448 2423 quod
470 2342 613 2408 divinum
631 2343 788 2426 judicium
809 2343 842 2407 in
865 2343 960 2408 rebus
976 2341 1166 2425 quandoque
1185 2343 1320 2410 homini-

201 2442 259 2507 bus
282 2447 331 2509 est
352 2443 570 2528 manifestum,
594 2443 784 2527 quandoque
808 2443 975 2509 oecultum.

284 2542 325 2642 Et
348 2545 604 2611 manifestum
625 2550 825 2631 potestesse
841 2543 1024 2629 dupliciter,
1047 2546 1169 2613 ratione
1187 2546 1319 2631 scilicet,

166 2650 231 2712 set
252 2644 324 2712 fide.

284 2748 368 2812 Nam
397 2748 554 2829 quaedam
583 2747 706 2834 judicia
734 2747 797 2813 Dei
834 2753 920 2832 sunt,
955 2748 997 2812 ad
1035 2768 1117 2829 quae
1151 2750 1322 2817 humana

198 2848 303 2914 ratio
325 2849 462 2935 propriis
483 2851 620 2936 pedibus
635 2849 816 2937 pertingere
831 2853 951 2933 potest,
975 2849 1057 2915 sicut
1068 2849 1111 2914 ad
1125 2850 1201 2918 hoc:
1225 2853 1320 2933 Quod

199 2949 293 3016 homo
324 2971 382 3034 pro
415 2953 517 3018 salute
550 2952 674 3039 patriae
706 2950 846 3037 seipsum
875 2957 1023 3034 exponat.
1075 2953 1160 3017 Nam
1189 2954 1217 3018 si
1245 2975 1321 3039 pars

225 3124 249 3156 ⁴⁰
266 3124 299 3177 A.
318 3125 349 3178 F.
370 3127 506 3196 spirantia
523 3128 618 3182 melicis
784 3127 848 3196 Cap.
868 3127 940 3182 VilI.
983 3127 994 3158 ²
1017 3126 1050 3181 F.
1074 3132 1182 3198 oporiet
1205 3129 1243 3184 od
1266 3130 1321 3186 dio.

227 3209 250 3241 ⁵⁰
266 3207 297 3260 P.
316 3209 452 3277 equidem,
470 3213 587 3266 civicos
806 3252 808 3256 ι
845 3212 912 3283 jud.
926 3242 955 3250 —
973 3211 1004 3264 P.
1025 3215 1133 3282 oportet
1145 3213 1183 3268 od
1200 3214 1322 3270 divinem

226 3293 249 3326 ⁵²
265 3292 297 3345 F.
315 3293 395 3347 radio
414 3298 555 3366 serpentia
846 3296 1050 3368 providentiam

224 3376 247 3409 ⁵⁴
264 3376 298 3429 H.
316 3376 348 3429 L.
366 3377 399 3431 V.
420 3379 497 3434 Haec
516 3382 565 3436 tibi
827 3382 845 3448 ⁴,
866 3383 876 3414 ⁵
893 3381 925 3436 F.
944 3380 974 3434 P.
993 3380 1051 3434 scii.
1070 3387 1122 3436 ret.
1140 3386 1167 3436 ei
1181 3382 1237 3451 fide

283 3461 315 3514 F.
331 3476 485 3532 pacemque
502 3466 640 3536 imponere
657 3481 732 3518 more
826 3465 886 3519 ⁰1⁴¹.
905 3465 936 3522 P.
955 3464 1026 3520 Nem
1045 3482 1115 3536 quoe
1126 3467 1238 3537 judicia

225 3546 247 3579 ⁸²
264 3546 303 3600 M.
323 3545 441 3618 Propter
464 3548 539 3617 quod
558 3581 594 3588 -
614 3551 645 3604 P.
667 3549 732 3605 Pre-
827 3551 837 3583 ⁷
853 3551 885 3604 F.
899 3550 1017 3622 pedibas
1028 3550 1165 3622 perficere

266 3637 340 3686 terea
831 3635 841 3668 ⁸
853 3652 918 3706 pro,
935 3635 1007 3704 quod
1016 3642 1123 3704 praeter
1133 3651 1225 3691 omnes
1234 3636 1320 3692 libros

281 3717 351 3771 Edd.
364 3719 490 3789 populus
507 3718 648 3775 Romanus
853 3735 935 3775 manu
970 3726 1095 3775 exaratos
1127 3720 1230 3775 habent
1258 3722 1319 3777 edd.

282 3820 300 3857 o
326 3809 427 3858 notura
457 3805 550 3871 legunt
582 3819 673 3860 omues
700 3833 734 3845 -
853 3808 916 3872 ant,
927 3804 1027 3859 excidit
1038 3805 1067 3858 in
1077 3805 1223 3860 Ginevrina
1234 3810 1321 3874 (1740)

265 3886 351 3941 Editt.
400 3887 558 3957 simpliciter
606 3889 733 3946 exhibent
852 3896 893 3955 et,
918 3904 987 3958 quae
1009 3904 1068 3943 eam
1093 3893 1223 3957 sequutae
1248 3895 1321 3957 sunt,

265 3977 366 4026 notura
851 3973 962 4028 Venetis
982 3989 1052 4028 saec.
1070 3976 1257 4045 praeterlapsi.

225 4056 247 4088 θ’
264 4055 302 4110 M.
321 4056 359 4110 ed
375 4057 563 4128 imperandum

268 4208 290 4241 ⁶⁰
308 4207 410 4262 ibidem
428 4208 474 4264 IV.
498 4214 556 4264 227.
