2940 4808
454 306 589 362 DANTIS
606 305 827 362 MONARCHIA
843 306 890 360 Ill.
911 305 982 362 (3.3.
1232 303 1272 365 95

152 479 187 546 in
210 480 348 547 coelum:
371 479 474 564 „Eece
496 497 556 561 ego
578 479 743 546 vobiscum
764 499 834 546 sum
857 479 1002 546 omnibus
1026 478 1148 562 diebus,
1171 498 1272 561 usque

153 581 196 648 ad
219 581 521 649 consummationem
543 580 691 666 saeculi“,
713 589 748 647 ut
762 582 992 658 Matthaeus
1013 586 1155 647 testatur.
1194 579 1273 648 Sunt

154 684 251 752 etiam
284 683 522 770 scripturae,
543 684 773 768 Doctorum,
810 683 1028 768 Augustini
1063 689 1094 750 ct
1126 683 1270 767 aliorum,

154 806 276 870 quosa
305 784 425 871 Spiritu
454 785 571 852 Sancto
599 784 728 870 adjutos
757 786 811 867 qui
840 784 980 869 dubitat,
1015 786 1134 851 fructus
1164 806 1272 853 eorum
1290 802 1322 852 eo

153 889 205 957 vel
228 888 355 954 omnino
377 909 440 954 non
461 888 557 971 uidit,
581 888 633 954 vel
656 888 684 953 si
705 887 801 971 vidit,
824 887 952 953 minime
975 887 1166 970 degustavit.

239 993 337 1057 Post
352 989 582 1058 Ecclesiam
597 1010 673 1056 vere
688 995 760 1056 sunt
782 989 1043 1073 traditiones,
1060 1007 1140 1070 quas
1155 988 1272 1053 Decre-

154 1094 236 1158 tales
260 1092 382 1158 dieunt:
413 1111 496 1174 quae
525 1090 655 1174 quidem
687 1091 747 1157 etsi
776 1092 964 1158 auctoritate
986 1090 1172 1175 Apostolica
1200 1094 1273 1154 sunt

154 1193 372 1278 venerandae,
405 1194 635 1261 tundamentali
672 1199 780 1260 tamen
817 1194 998 1279 Scripturac
1034 1190 1273 1278 postponendas

153 1316 223 1363 csse
247 1296 455 1362 dubitandum
477 1317 540 1362 non
562 1302 624 1379 est;
654 1315 750 1378 quum
774 1296 918 1362 Christus
947 1295 1137 1362 Sacerdotes
1166 1293 1270 1377 objur-
1291 1313 1322 1368 55

152 1399 277 1481 gaverit
306 1397 346 1465 de
381 1398 545 1464 contrario.
591 1398 695 1478 Quum
730 1398 814 1463 enim
848 1398 1111 1480 interrogassent,
1145 1395 1273 1479 „Quare

78 1576 82 1583 Ι
154 1499 303 1585 discipuli
331 1501 378 1566 tui
404 1500 607 1567 traditionem
630 1499 789 1566 seniorum
817 1496 1134 1581 transgrediuntur‘i“
1158 1495 1271 1581 (negli-

152 1602 272 1683 gebant
288 1601 373 1667 enirn
387 1622 536 1667 manuum
558 1600 741 1687 lotionem),
765 1601 908 1668 Christus
931 1601 978 1667 ets
998 1602 1032 1666 M
1039 1599 1204 1665 atthaeo
1226 1603 1271 1663 te-

152 1708 266 1787 stante,
278 1703 456 1789 respondit:
471 1705 597 1788 „Quare
610 1709 642 1770 et
656 1724 714 1770 vos
729 1703 985 1786 transgredimini
1000 1701 1184 1768 mandatum
1200 1699 1272 1783 Dei,

152 1808 283 1888 propter
310 1805 515 1873 traditionem
543 1804 728 1872 vestram?“
771 1807 809 1871 In
836 1823 899 1886 quo
928 1804 1007 1870 satis
1035 1804 1151 1886 innuit,
1174 1802 1271 1867 tradi-
1290 1825 1322 1876 no

150 1905 269 1972 tionem
290 1907 553 1992 postponendam.

237 2009 330 2089 Quod
358 2009 384 2091 si
413 2008 600 2077 traditiones
621 2011 785 2077 Ecclesiae
821 2015 893 2094 post
920 2009 1098 2075 Ecclesiam
1126 2013 1212 2091 sunt,
1237 2012 1273 2072 ut

153 2108 349 2175 declaratum
371 2116 434 2195 est3
465 2132 597 2179 necesse
620 2120 682 2196 est,
712 2135 733 2178 u

734 2117 747 2176 t
776 2133 840 2178 non
860 2111 1025 2177 Ecclesiae
1054 2131 1074 2175 a
1095 2109 1271 2175 traditioni·
1288 2159 1312 2191 ·.

152 2210 226 2294 bus,
250 2211 309 2277 sed
332 2213 373 2277 ab
395 2212 541 2279 Ecclesia
562 2213 787 2281 traditionibus
805 2212 937 2279 accedat
959 2213 1141 2296 auctoritas,
1164 2211 1271 2296 hique,

180 2379 202 2411 ⁵⁷
219 2378 288 2432 Edd.
316 2384 344 2433 et
371 2380 403 2432 A.
428 2379 459 2433 F.
484 2380 516 2434 L.
539 2381 568 2434 P.
596 2382 627 2435 V.
658 2384 686 2436 in

221 2463 344 2519 omnibus
370 2465 464 2521 diebus
487 2496 522 2504 —
544 2467 587 2532 in,
615 2468 686 2536 quod

219 2548 297 2602 abest
319 2564 337 2602 a
359 2564 437 2604 sacro
462 2557 550 2616 textu,
574 2568 634 2606 cum
652 2553 686 2606 Η.

219 2632 257 2685 Μ.
294 2633 469 2689 omittendum
505 2650 564 2690 esse
600 2637 685 2692 credi·

110 2725 112 2728 '
220 2718 314 2772 dimus

178 2801 202 2834 ⁵⁸
218 2802 256 2855 M.
267 2810 297 2856 ut
314 2804 480 2874 manifestat.
491 2834 523 2843 -
539 2803 571 2857 Η.
582 2811 613 2858 ut
630 2822 685 2878 nra-

218 2887 367 2957 niscantur

179 2970 203 3005 ⁵⁹
219 2970 291 3026 Sunt
320 2975 400 3028 etiarn
433 2974 589 3043 scripsimus
626 2990 686 3029 curn

218 3055 251 3109 A.
276 3056 309 3109 H.
335 3058 372 3111 M.
389 3058 420 3111 P.
438 3058 470 3112 V.
496 3089 531 3098 -
555 3059 587 3112 F.
616 3057 687 3114 Sunt

219 3143 290 3195 eninr
307 3172 341 3182 -
358 3142 390 3195 L.
409 3149 435 3196 et
453 3143 512 3198 cdd.
531 3143 602 3198 Sunt
620 3150 646 3198 et

235 3224 267 3279 F.
277 3229 432 3299 tornaturae
440 3233 595 3283 sanctorum
606 3229 683 3285 Dect.

217 3338 252 3349 —
268 3311 302 3363 A.
320 3313 419 3367 omittit
437 3313 577 3368 doctorum

233 3395 267 3449 H.
284 3397 439 3468 Auqastini,
460 3398 586 3469 Greporii
600 3429 635 3437 -
651 3398 682 3452 L.

217 3480 287 3552 Aua.
309 3481 482 3553 Hyerouymi

176 3564 200 3598 ⁶⁰
217 3565 250 3622 A
274 3565 308 3619 H.
333 3565 364 3620 L.
390 3567 427 3620 M.
451 3573 479 3622 et
504 3566 563 3622 edd.
581 3571 683 3624 recent.

216 3652 287 3705 male
304 3654 365 3722 quis
382 3652 496 3717 dubitat,
517 3668 586 3722 quac
603 3653 683 3709 lectIo

217 3739 248 3789 ut
271 3742 363 3806 posset
379 3737 504 3806 probari,
516 3808 518 3812 ,
529 3740 593 3806 post
609 3737 685 3793 dubi-

218 3825 258 3874 tat
285 3836 345 3875 curn
373 3820 432 3876 cod.
456 3821 490 3875 H.
513 3821 684 3877 inserendum

219 3911 289 3960 esset
312 3907 368 3960 nisi
390 3907 439 3976 qui
464 3923 524 3960 cum
542 3906 617 3974 signo
643 3906 684 3960 in-

217 3990 406 4059 terrogationis
436 3995 498 4060 post
521 3990 684 4062 decurtarit,

217 4093 297 4147 quam
328 4075 470 4130 lectionem
494 4074 605 4130 FicInus
634 4076 683 4130 ha·

218 4213 242 4245 as
258 4212 366 4266 Eunus.
386 4211 500 4265 Manna.
521 4211 550 4266 C.
561 4210 686 4265 XXVIII.
703 4228 727 4265 r.
748 4215 788 4266 20.

806 2380 897 2435 buissc
920 2378 1032 2435 videtur.
1060 2412 1094 2419 -
1123 2379 1272 2433 Nobiscum

805 2466 911 2521 faciunt
928 2471 958 2518 F.
976 2465 1007 2518 P.
1025 2464 1058 2518 V.
1077 2470 1103 2519 et
1120 2464 1180 2518 edd.
1199 2468 1253 2516 ant.

765 2551 788 2584 ⁰³
804 2552 842 2606 Μ.
860 2551 882 2604 P
899 2554 927 2605 et
944 2550 1003 2605 edd.
1027 2555 1139 2604 recentt.
1164 2553 1272 2619 aposto-

806 2636 859 2691 lica
878 2636 933 2690 siat

760 2721 787 2769 ,⁶⁴
804 2720 834 2773 P.
853 2719 984 2774 verendae
1000 2750 1034 2757 -
1051 2719 1083 2772 F.
1101 2718 1219 2773 uerenda
1237 2750 1270 2758 —

804 2805 831 2858 H
856 2804 972 2858 utendae

764 2890 787 2923 ⁶⁶
804 2889 836 2943 F.
856 2891 1070 2959 interropasoent
1087 2888 1189 2942 Juduei

762 2975 785 3008 ⁶⁷
803 2975 836 3027 A.
855 2974 888 3027 Η.
908 2973 1068 3028 traditiones

763 3060 794 3125 ⁶⁸,
813 3060 837 3094 ⁶⁹
855 3059 886 3112 F.
905 3057 1045 3114 Malthace
1062 3060 1204 3132 respondit

763 3146 786 3178 ⁶⁹
803 3145 837 3198 V.
855 3143 946 3210 Quare
962 3159 1009 3198 uos

764 3231 787 3262 ⁷⁰
803 3229 835 3283 F.
854 3229 890 3284 In
915 3245 969 3299 quo
993 3231 1081 3283 innuit
1103 3231 1171 3284 satis
1188 3260 1221 3268 —
1238 3229 1269 3282 P.

803 3314 875 3369 Inde
892 3315 982 3368 innuit

763 3400 786 3433 ⁷³
804 3399 836 3453 A.
854 3397 887 3453 V.
906 3397 1047 3455 Ecclesiae
1070 3398 1270 3464 traditionibur,

802 3484 900 3540 omisso
918 3502 936 3539 a

762 3571 784 3603 ⁷⁴
802 3569 903 3624 Fratic.
934 3576 961 3624 et
985 3569 1098 3625 Turrius
1128 3567 1269 3624 manifeste

804 3654 869 3708 vitio
887 3658 915 3708 et
933 3654 1158 3710 contracodicum
1175 3660 1269 3709 aucto-

804 3739 912 3793 ritatem
931 3737 1106 3793 traditionum
1124 3739 1237 3794 accedat

820 3824 853 3877 F.
871 3824 1028 3878 auctoritas.
1063 3823 1115 3878 Hii
1131 3825 1220 3894 qui—
1235 3824 1268 3880 A.

804 3913 875 3961 auct.
893 3906 999 3978 lorisque
1013 3939 1047 3947 —
1063 3908 1133 3962 Edd.
1152 3909 1270 3964 auctori-

804 3997 853 4045 tas.
889 3990 1039 4062 itaque-
1062 3993 1210 4047 Nobiscum
1228 3991 1268 4048 la-

804 4075 879 4130 ciunt
895 4076 929 4131 H.
948 4076 980 4130 Ι..
999 4077 1035 4130 M.
1054 4077 1085 4131 P.
1104 4078 1138 4131 V.

855 4211 1269 4271 ultramontana.
