2940 4808
207 315 246 378 76
431 319 565 375 nnnnls
583 318 802 375 monasterus
819 319 854 374 n.
873 320 904 374 s.
924 326 964 375 10.
985 326 1024 375 11.
1043 324 1104 388 (ιο).

204 491 270 557 tiae
292 496 492 576 mercatores,
515 491 549 557 in
571 491 652 558 ostio
666 492 849 577 palaestrae
867 496 942 557 ante
956 492 1066 557 oeulos
1079 492 1248 579 Pyrrhum,
1273 496 1328 578 qui

203 614 262 678 pro
284 591 418 678 imperio
434 593 625 660 desertando
648 593 694 658 sio
712 613 823 658 aurum
839 592 1046 678 despiciebat,
1070 598 1106 657 ut
1123 594 1244 662 dietum
1268 605 1327 664 est.

289 693 382 774 Quod
404 695 432 761 si
453 701 562 762 eontra
576 695 744 762 veritatem
760 700 918 762 ostensam
941 694 981 761 de
1003 694 1186 780 imparitate
1208 695 1325 762 virium

153 815 188 866 so
205 796 348 880 instetur,
371 800 406 860 ut
427 797 560 880 adsolet,
582 815 641 880 per
662 797 828 863 victoriam
849 796 957 862 David
980 795 1021 863 de
1044 797 1140 863 Golia
1161 798 1326 864 obtentam

204 898 356 964 instantia
376 897 547 965 refellatur.
592 898 634 962 nt
663 897 691 963 si
711 897 848 979 gentiles
876 897 964 963 aliud
985 904 1149 982 peterent,
1177 898 1328 967 refellant

204 1000 307 1083 ipsam
329 1020 387 1084 per
408 1000 575 1066 vietoriam
588 1000 734 1068 Heroulis
756 999 790 1063 in
803 1000 972 1067 Antaeum.
1015 1000 1155 1068 Stultum
1176 1000 1262 1065 enim
1278 1004 1326 1067 est

203 1100 309 1182 valde,
332 1101 426 1185 vires,
451 1122 530 1183 quas
551 1104 640 1167 Deus
662 1100 827 1185 confortat,
850 1101 1014 1167 inferiores
1026 1101 1135 1186 pugile
1157 1100 1323 1186 suspicari.

287 1202 362 1269 Jam
383 1201 460 1267 satis
482 1202 684 1269 manifestum
707 1206 764 1286 est,
788 1201 874 1283 quod
895 1224 954 1287 per
972 1202 1113 1270 duellum
1135 1202 1326 1287 adquiritur,

154 1322 186 1373 os
205 1302 245 1369 de
264 1304 338 1388 jure
360 1303 494 1385 adquiri.
529 1353 533 1359 .

613 1477 735 1551 [carna
755 1492 804 1539 xr.
828 1470 904 1558 (x.)]

288 1623 350 1691 Sed
365 1625 526 1689 Romanus
548 1627 686 1710 populus
707 1646 765 1711 per
787 1626 927 1692 duellum
942 1625 1117 1708 adquisivit
1137 1626 1326 1711 imperium,

202 1724 288 1808 quod
316 1724 379 1791 fide
408 1724 512 1806 dignis
540 1727 729 1794 testimoniis
758 1729 1005 1813 eomprobaturz.
1028 1726 1061 1791 in
1084 1727 1201 1809 quibus
1223 1729 1322 1794 mani-

203 1826 360 1893 festandis
387 1847 450 1892 non
478 1828 581 1893 solum
609 1828 670 1895 hoo
697 1829 882 1914 apparebit,
911 1829 969 1896 sed
997 1828 1095 1895 etiam
1124 1828 1282 1911 quidquid
1303 1850 1325 1894 a
1384 1830 1386 1835 ’

201 1928 461 2013 primordialibus
482 1929 608 2014 imperii
630 1929 765 1996 Romani
787 1929 1027 2014 dijudicandum
1051 1934 1129 2012 erat,
1151 1951 1210 2015 per
1232 1929 1322 1998 duel-

167 2053 181 2102 5
200 2034 267 2098 lum
288 2050 360 2099 esse
383 2029 569 2117 discussum.

284 2135 368 2199 Nam
391 2131 570 2217 deprimo,
595 2152 691 2214 quum
713 2133 753 2198 de
776 2131 852 2199 sede
874 2133 975 2217 patris
996 2134 1143 2216 Aeneae,
1174 2133 1229 2215 qui
1257 2134 1320 2219 pri-

199 2255 270 2301 mus
297 2240 390 2320 pater
418 2235 513 2318 hujus
540 2235 653 2320 populi
686 2235 760 2317 fuit,
796 2239 971 2299 verteretur
1004 2234 1157 2318 litigium,
1187 2236 1324 2302 Turno

200 2337 387 2402 Rutulorum
408 2353 483 2417 rege
506 2341 615 2402 eontra
637 2340 757 2419 stante,
780 2334 820 2400 de
844 2335 1000 2402 eommuni
1023 2335 1187 2401 amborum
1208 2354 1320 2418 regum

200 2438 353 2521 adsensu,
377 2435 420 2501 ad
442 2437 603 2521 ultimum,
632 2442 763 2521 propter
785 2436 927 2502 divinum
951 2422 1187 2521 beneplacitum
1216 2438 1319 2519 inqui-

151 2540 348 2622 terendum,
371 2539 453 2603 inter
475 2558 510 2605 se
532 2537 634 2604 solum
657 2537 840 2604 dimicatum
862 2543 926 2621 est,
949 2543 984 2602 ut
1005 2539 1038 2602 in
1059 2538 1181 2603 ultimis
1204 2539 1318 2607 Aenei-

199 2640 257 2706 dos
287 2640 417 2706 oanitur.
462 2642 498 2705 In
527 2658 589 2722 quo
619 2638 748 2721 quidem
776 2658 877 2722 agone
913 2644 1003 2703 tanta
1031 2639 1161 2705 viatoris
1188 2640 1320 2707 Aeneae

115 2797 117 2803 .
199 2743 367 2808 elementia
388 2741 462 2825 fuit,
492 2746 527 2806 ut
549 2740 611 2807 nisi
634 2742 774 2824 balteus,
804 2759 897 2822 quem
927 2741 1051 2806 Turnus
1072 2742 1213 2807 Pallanti
1241 2763 1263 2807 a
1284 2762 1319 2809 se

198 2843 302 2909 occiso
332 2842 529 2928 detraxerat,
559 2843 733 2928 patuisset,
762 2842 846 2907 vieto
876 2842 978 2907 vietor
1006 2843 1099 2907 simul
1123 2842 1222 2909 vitam
1246 2863 1317 2909 oon-

198 2943 357 3029 donasset,
371 2949 402 3012 et
411 2965 533 3030 paoem,
546 2951 580 3010 ut
591 2945 704 3010 ultima
716 2943 855 3009 earmina
865 2944 965 3008 nostri
983 2944 1135 3010 Poetae
1149 2947 1318 3010 testantur.

147 3065 198 3115 15x
283 3047 448 3129 Quumque
477 3046 539 3113 duo
567 3045 679 3132 populi
707 3066 747 3112 ex
774 3045 847 3130 ipsa
868 3043 1009 3129 Trojana
1036 3042 1144 3112 radice
1166 3046 1200 3110 in
1221 3045 1320 3110 Italia

223 3246 246 3279 ⁶⁰
262 3247 296 3300 A.
314 3246 346 3299 F.
364 3247 399 3300 Η.
417 3247 449 3301 V.
469 3277 500 3287 -
516 3248 549 3302 L.
568 3247 606 3301 M.
625 3254 652 3301 et
669 3246 728 3301 edd.
849 3244 894 3299 hie
919 3248 1012 3299 merito
1036 3249 1162 3300 statuunt
1182 3246 1214 3298 A.
1237 3249 1266 3300 et
1283 3246 1320 3301 V.

263 3335 378 3385 reeentt.
396 3330 430 3385 de
450 3330 557 3386 Goliatb
849 3360 883 3371 —
900 3328 1007 3398 Reliqui
1023 3346 1079 3384 non
1096 3329 1273 3398 distinguunt.

224 3417 246 3450 ⁶¹
264 3414 296 3472 F.
316 3416 447 3469 iastoete'e
463 3415 614 3487 repellatur
825 3414 924 3468 ²Edd.
939 3415 1039 3491 testim.
1058 3415 1232 3485 approbatur

280 3502 312 3555 A.
331 3500 363 3554 F.
379 3501 412 3554 Η.
430 3500 461 3553 L.
478 3500 516 3554 M.
536 3499 643 3569 aquoat
652 3503 711 3570 pet.
825 3500 836 3533 ³
854 3499 923 3554 Edd.
940 3499 989 3553 sed
1005 3503 1032 3552 et
1048 3498 1180 3568 quitquid

223 3586 246 3619 ⁶²
263 3586 297 3639 A.
316 3586 391 3657 apros
406 3616 441 3624 —
457 3584 495 3638 M.
513 3586 602 3655 apsaro
824 3584 835 3616 ⁴
852 3584 890 3638 M.
909 3583 1091 3638 {ltmr‘oandum
1108 3589 1168 3637 eret

222 3671 245 3704 ⁰³
263 3671 294 3724 F.
313 3670 346 3723 H.
363 3669 396 3724 L.
413 3670 446 3724 V.
472 3701 506 3708 —
531 3670 564 3722 A.
582 3668 621 3721 M.
645 3667 728 3738 infer.
825 3669 885 3722 ⁸H.
903 3685 968 3740 repe
985 3672 1151 3723 contestante

257 3753 487 3828 papias-Edu.
498 3753 581 3823 inser.
599 3753 730 3824 eapoqz'le
824 3753 835 3785 ⁰
852 3753 884 3806 F.
903 3769 998 3823 repam
1015 3768 1147 3807 consensu

221 3843 244 3874 ⁶⁵
260 3841 293 3894 F.
312 3841 346 3895 de
356 3840 425 3911 jare
441 3838 594 3909 aequiritur
808 3839 830 3871 ¹³
846 3838 881 3891 H.
900 3838 988 3892 occiso
1006 3836 1154 3891 deterserat

195 3924 260 3994 Cap.
277 3925 324 3979 XI.
371 3925 380 3956 ¹
405 3922 475 3978 Novi
502 3921 598 3991 capitis
623 3921 729 3976 Initium
808 3923 829 3956 ¹⁶
845 3921 877 3974 F.
896 3923 924 3976 ia
941 3920 1051 3976 Italiam

264 4094 287 4128 ⁶⁰
303 4094 324 4146 Ι.
344 4093 488 4148 Samuel.
509 4092 623 4157 (Cathol.
641 4091 663 4145 I.
682 4090 795 4159 Regum)
812 4105 871 4159 cap.
884 4095 923 4146 17.
995 4092 1016 4123 ⁸¹
1035 4090 1181 4155 „refellant
1197 4089 1314 4159 ipsam‘,

194 4164 261 4231 puta
278 4161 444 4216 instantiam.

239 4298 240 4303 η
262 4227 334 4298 Cap.
352 4229 410 4284 xl.
447 4232 468 4263 ¹⁰
484 4229 594 4282 Vream.
612 4227 711 4281 Aeneis
728 4223 790 4281 XII.
807 4228 865 4278 942.
