2940 4808
197 314 238 374 40
504 318 639 375 DANTlS
658 318 869 375 MONARCHIA
887 320 922 374 II.
942 337 965 375 o.
983 324 1007 374 2.

663 495 783 570 [curun
804 495 850 568 n]

284 645 458 725 Postquam
486 643 692 728 sufficienter,
723 645 894 711 secundum
924 644 1009 726 quod
1033 647 1166 711 materia
1188 646 1319 730 patitur,

200 745 240 810 de
263 745 397 812 veritate
419 747 540 830 primae
556 746 763 813 dubitationis
785 746 971 827 inquisitum
989 752 1046 828 est,
1070 747 1167 811 instat
1181 746 1319 813 nuncdc

200 848 334 913 veritate
356 846 514 914 secundae
534 847 707 929 inquirere:
735 848 796 915 hoo
818 852 880 930 est,
907 852 1010 911 utrum
1032 849 1193 913 Romanus
1216 868 1316 934 popu-

199 949 250 1014 lus
274 947 313 1014 de
332 949 405 1033 jure
420 947 481 1013 sibi
496 947 668 1014 adsciverit
688 949 818 1031 Imperii
834 948 1028 1032 dignitatem.
1068 950 1166 1033 Cujus
1187 950 1317 1032 quidem

166 1059 181 1108 5
200 1050 412 1132 inquisitionis
433 1050 621 1134 principium
644 1057 707 1134 est,
737 1050 847 1117 videre
876 1051 1021 1132 quaesit
1049 1051 1107 1116 illa
1130 1052 1262 1136 veritae,
1285 1053 1318 1117 in

201 1170 296 1232 quam
324 1152 462 1219 rationes
491 1152 704 1234 inquisitionis
726 1153 919 1237 praesentis,
950 1153 1038 1219 velut
1065 1153 1100 1216 in
1127 1153 1317 1238 principium

176 1253 377 1337 proprium,
401 1253 599 1319 reducantur.

286 1353 456 1421 Sciendum
479 1355 658 1437 adigitur,
683 1355 768 1437 quod
782 1353 1048 1438 quemadmodum
1070 1376 1121 1421 ars
1144 1357 1176 1421 in
1199 1356 1320 1442 triplici

200 1455 302 1537 gradu
322 1456 494 1539 invenitur,
518 1457 551 1520 in
571 1462 703 1524 mente
725 1457 846 1523 scilicet
868 1457 1067 1539 artificis,
1091 1458 1124 1522 in
1150 1477 1320 1542 organo,

152 1573 182 1623 10
201 1562 233 1623 ct
253 1559 287 1622 in
309 1557 477 1624 materia
498 1559 634 1625 tormata
648 1579 706 1643 per
727 1565 837 1642 artem,
860 1559 955 1624 sicet
976 1565 1121 1623 naturam
1142 1560 1176 1624 in
1198 1559 1317 1642 triplici

200 1659 302 1741 gradu
323 1679 491 1743 possumus
513 1660 636 1727 intueri.
673 1657 731 1726 Εεῖ
754 1661 837 1726 enim
858 1667 972 1724 natura
992 1660 1026 1725 in
1049 1665 1177 1727 mente
1200 1661 1320 1745 primi

201 1762 383 1845 motoris,
408 1763 461 1844 qui
476 1765 565 1829 Deus
580 1769 638 1852 est,
655 1761 771 1829 deinde
785 1762 818 1825 in
833 1762 922 1827 coelo
936 1766 1089 1843 tanquam
1103 1762 1137 1826 in
1152 1781 1321 1844 organo,

201 1882 263 1944 quo
286 1864 445 1931 mediante
461 1865 635 1931 similitudo
658 1862 809 1931 bonitatis
824 1868 973 1944 aeternae
995 1863 1028 1927 in
1043 1863 1217 1929 fluitantem
1240 1885 1318 1928 ma-

201 1965 345 2032 teriam
375 1967 559 2052 explicatur.
610 1967 651 2030 Et
686 1964 953 2048 quemadmodum
987 1966 1127 2048 perfeeto
1162 1966 1321 2032 existente

152 2082 181 2131 15
201 2067 330 2152 artifice,
353 2059 448 2149 atque
472 2070 589 2154 optime
612 2087 731 2150 organo
754 2086 787 2132 sc
803 2067 949 2151 habente,
973 2066 1001 2132 si
1023 2068 1185 2148 contingat
1206 2087 1317 2152 pecca-

201 2174 268 2233 tum
290 2169 322 2233 in
344 2170 445 2235 forma
467 2171 559 2254 artis,
590 2170 742 2237 materiae
771 2173 893 2233 tantum
920 2167 1140 2253 imputandum
1170 2174 1233 2252 est,
1263 2169 1321 2251 sic,

202 2289 298 2352 quum
319 2272 426 2336 Deus
448 2272 593 2337 ultimum
616 2270 818 2356 perfeetionis
839 2269 989 2353 attingat,
1020 2275 1052 2336 et
1073 2270 1321 2337 instrumen-

201 2375 280 2434 tum
304 2371 373 2453 cjus
397 2368 497 2454 (quod
519 2374 642 2438 coelum
665 2370 726 2457 cst)
742 2372 864 2436 nullum
887 2369 1015 2437 debitae
1037 2372 1240 2456 perfectionis
1263 2393 1320 2456 pa-

201 2471 299 2537 tiatur
313 2472 479 2557 defectum,
502 2480 536 2539 ut
551 2496 591 2541 cx
612 2473 653 2538 iis
674 2477 763 2556 patet
779 2492 860 2554 quae
880 2472 919 2538 dc
942 2474 1031 2539 coelo
1047 2473 1321 2559 philosophamur,

150 2591 182 2642 20
200 2577 309 2657 restat,
333 2574 418 2654 quod
442 2574 597 2658 quidquid
618 2575 651 2639 in
674 2575 768 2639 rebus
789 2573 990 2639 inferioribus
1008 2581 1056 2640 cst
1079 2581 1254 2661 peccatum,
1278 2597 1320 2642 ex

199 2680 291 2757 parte
314 2677 508 2742 materiae
531 2677 726 2761 subjacentis
747 2679 911 2760 peccatum
934 2676 991 2758 sit,
1016 2681 1047 2742 et
1069 2681 1195 2760 practer
1218 2678 1319 2742 inten-

200 2777 319 2843 tionem
342 2778 418 2844 Dei
440 2780 670 2845 naturantis
693 2785 725 2846 ct
746 2777 842 2860 oceli3
874 2782 907 2843 et
930 2776 1015 2858 quod
1037 2777 1193 2860 quidquid
1216 2778 1321 2844 estin

203 2959 267 3029 Cap.
287 2960 320 3014 ΙΙ.
358 2962 419 3015 ³V.
438 2962 559 3018 secunda
817 2961 845 3019 ¹³,
870 2961 889 2992 ¹²
908 2961 939 3013 P.
956 2959 1107 3029 fluitantem
1125 2968 1251 3017 naturam

287 3045 320 3098 H.
339 3044 407 3101 daec
423 3048 494 3100 errim
512 3054 551 3102 est
817 3045 837 3078 ¹⁰
854 3044 888 3097 Η.
906 3044 1001 3098 inserit
1024 3052 1051 3098 et
1073 3062 1128 3100 uou
1152 3048 1258 3116 artifice
1278 3048 1322 3102 vet

245 3130 255 3160 ⁴
273 3130 305 3182 A.
323 3130 500 3200 adquisiverit
855 3146 961 3199 arpano
978 3129 1048 3183 inter
1065 3132 1134 3184 artis
1151 3138 1178 3185 et
1190 3133 1319 3186 materiae

286 3213 317 3266 F.
345 3215 439 3269 inserit
464 3215 617 3270 Romanum
643 3214 736 3287 Impe-
816 3214 837 3246 ¹⁸
853 3213 892 3270 M.
917 3215 1039 3268 instrum.
1061 3231 1140 3269 suum
1161 3217 1217 3270 siue
1237 3233 1321 3288 arpa·

269 3300 340 3352 riam
366 3301 422 3353 sive
447 3300 517 3354 inter
543 3301 687 3354 adsciverit
710 3303 737 3354 ct
854 3314 917 3351 uum
936 3299 997 3369 ejus
1010 3316 1063 3371 per
1080 3300 1165 3354 celum
1184 3308 1224 3354 est

269 3381 385 3453 Imperii
814 3384 837 3416 ²²
855 3383 886 3437 F.
905 3382 938 3435 H.
956 3382 987 3438 P.
1005 3413 1040 3422 -
1054 3383 1092 3437 M.
1115 3384 1164 3439 [tet
1176 3386 1318 3440 staturalis.

246 3470 256 3501 ⁵
272 3469 306 3522 A.
325 3473 353 3523 et
370 3469 440 3524 Edd.
459 3471 624 3538 quaestionis
854 3499 887 3507 -
904 3467 937 3520 L.
957 3466 988 3520 V.
1006 3467 1061 3522 rtet
1075 3471 1223 3523 narrantis.
1234 3500 1269 3509 ·-
1284 3470 1321 3523 A.

245 3553 256 3586 ⁶
273 3554 355 3607 AF.
373 3553 403 3606 P.
420 3552 453 3606 V.
472 3555 499 3607 iu
519 3569 573 3624 qua
591 3557 711 3607 rationes
856 3551 912 3607 Ceti
919 3557 1019 3606 reaturo
1028 3554 1105 3607 eutis.
1118 3584 1145 3591 -
1160 3553 1230 3608 Edd.
1242 3554 1321 3610 omit·

231 3640 251 3670 ¹¹
268 3638 300 3691 F.
317 3638 501 3708 presumimus
518 3638 619 3691 intueri
854 3643 916 3691 tunt
933 3639 1087 3692 naturantis

230 3723 252 3754 ¹²
270 3725 301 3775 A.
320 3721 353 3774 H.
372 3724 421 3791 qui
436 3729 477 3776 est
494 3722 568 3776 Deus
870 3721 902 3774 F.
915 3728 947 3774 et
965 3721 1100 3792 quidquid
1116 3730 1156 3776 est

287 3807 316 3860 P.
335 3807 440 3860 demum
459 3808 487 3861 iu
507 3806 582 3861 coelo
1100 3796 1102 3808 '

271 3974 342 4045 Gap.
360 3975 403 4032 Π.
440 3977 463 4009 ²²
481 3975 581 4030 Similia
599 3975 728 4031 habemus
745 3976 772 4030 in
790 3976 920 4030 Paradiso
939 3975 1078 4030 Aucuoms
1096 3976 1169 4032 XlIl.
1190 3981 1230 4030 67.

353 4094 395 4149 La
413 4095 523 4149 ceredi
539 4102 647 4150 eostoro
665 4100 764 4160 (rerum
781 4097 976 4162 generatorum)
996 4110 1011 4148 e
1028 4093 1073 4149 etri
1090 4095 1117 4150 la
1135 4095 1216 4161 duce,

422 4161 546 4233 Non-sta
563 4164 625 4216 et'uu
643 4163 736 4228 moda,
755 4165 853 4232 eperd
871 4169 940 4214 sotto
959 4163 980 4216 it
995 4178 1079 4233 seprio

422 4228 518 4284 Ideate
529 4233 583 4300 poi
594 4233 647 4302 piri
664 4247 679 4284 e
696 4246 755 4284 meu
775 4229 893 4284 traluee:
