2940 4808
466 1112 957 1194 VERSIONES.

637 1269 789 1278 ..---

571 1366 597 1432 I.
641 1366 854 1433 ITALIOAE.

515 1500 549 1555 A.
593 1499 759 1554 MARSILII
785 1499 906 1555 FIGINI.

235 1638 545 1723 Interprctetionem,
573 1658 669 1721 quem
691 1638 820 1705 Ficinus
842 1657 927 1704 anno
953 1641 1033 1704 1467
1057 1637 1276 1720 composuisse

150 1750 296 1831 videtur,
318 1749 513 1831 Antonio,
543 1748 651 1814 Tuccii
673 1747 748 1831 filio,
772 1748 983 1827 Menettio,
1013 1754 1045 1814 et
1066 1747 1275 1814 Bernardo

151 1859 216 1926 del
245 1860 367 1941 Nero,
397 1857 607 1924 familiaribus
636 1858 718 1941 suis,
747 1858 923 1943 inscripsit,
954 1878 1087 1941 quorum
1108 1859 1165 1923 ille
1187 1857 1274 1924 idem

151 1989 222 2036 esse
249 1968 390 2047 videtur,
418 1968 469 2035 cui
496 1974 666 2033 tractatum
695 1967 736 2033 de
764 1969 843 2049 situ,
872 1968 975 2034 iormu
997 1975 1030 2034 et
1050 1988 1201 2034 mensura
1222 1968 1276 2034 In·

150 2079 232 2147 ierni
255 2079 418 2145 debemus.
463 2077 624 2144 Dividitur
645 2078 678 2142 in
700 2079 799 2144 libros
822 2084 854 2145 et
876 2079 1029 2164 capitula,
1056 2098 1189 2161 quorum
1212 2079 1275 2163 pri·

150 2209 237 2256 mum
268 2188 517 2271 uniuscujusque
549 2188 623 2253 libri
655 2189 896 2273 „prooemium“
934 2189 1058 2256 dicitur.
1116 2189 1186 2254 Hoc
1221 2190 1276 2256 de

151 2307 263 2381 tracto,
286 2317 436 2364 numerus
458 2299 597 2381 capitum
619 2299 653 2363 in
668 2299 769 2366 tribus
784 2300 875 2366 libris
896 2305 960 2366 est:
982 2298 1054 2379 XV,
1070 2299 1120 2363 XI
1138 2308 1170 2365 et
1184 2299 1275 2366 XVI.

238 2408 382 2490 Codices,
405 2409 460 2492 qni
481 2408 560 2474 mihi
582 2408 712 2492 quidem
732 2408 948 2491 innotuerunt,
971 2409 1005 2474 hi
1027 2416 1116 2476 sunt:

238 2525 266 2586 1.
307 2519 573 2584 Lnunun'rmnus
606 2519 689 2586 Plut.
724 2519 840 2585 XLIV.
882 2520 952 2586 cod.
981 2524 1032 2585 36.
1067 2520 1205 2586 chartac.
1241 2521 1276 2586 in

152 2636 263 2715 quarto
291 2648 376 2696 saec.
398 2627 471 2695 XV.
493 2627 640 2694 soliorum
662 2632 713 2695 33.
756 2631 794 2695 In
820 2631 923 2712 culce,
951 2630 1165 2697 referentibus
1191 2631 1275 2696 Ben-

152 2741 241 2806 dinio
265 2741 314 2815 (V.
327 2743 413 2820 232.)
436 2745 469 2804 et
484 2740 606 2820 Turno,
620 2740 701 2805 haec
715 2741 879 2823 leguntur:
901 2739 1026 2804 Friztsce
1041 2741 1072 2803 lo
1085 2740 1275 2804 Monarchia

152 2852 188 2915 di
206 2851 322 2922 Docte,
345 2850 486 2914 tradotta
508 2849 549 2911 do
570 2848 689 2912 Latino
710 2851 743 2912 in
766 2851 869 2933 linquo
895 2852 1036 2914 Tuscana
1064 2851 1104 2914 du
1128 2851 1275 2915 Mamilio

150 2962 265 3026 Ficiuo
288 2961 467 3024 Florentino
494 2982 514 3023 a
534 2958 704 3023 Bernurdo
725 2960 777 3023 del
794 2959 884 3023 Nero
900 2958 929 3044 ff
943 2962 1082 3024 Antonio
1105 2962 1139 3025 di
1162 2963 1276 3025 Tuccio

151 3072 296 3147 Mauorti,
319 3070 497 3133 amicissimi
514 3071 592 3141 suoi,
620 3070 648 3154 ff
664 3070 904 3149 prudentissimi
922 3071 1076 3154 ciptodiui
1087 3071 1276 3150 Florentini,

150 3182 203 3246 nel
215 3201 297 3244 mese
319 3180 353 3243 dt
371 3179 488 3243 Marso
511 3200 531 3241 a
552 3177 585 3243 dt
606 3179 700 3244 XXI.
722 3177 1007 3245 MOCCOLXVH.
1030 3182 1062 3244 in
1084 3180 1231 3247 Firmo.

239 3289 367 3374 Scripta
395 3289 430 3352 di
455 3309 547 3352 mano
576 3289 611 3353 di
630 3310 678 3352 me
698 3291 837 3353 Antonio
860 3290 894 3353 di
919 3291 1031 3354 Tuccio
1059 3292 1274 3376 sopruddetto,

154 3410 252 3465 truite
282 3400 363 3463 dello
383 3399 562 3482 ,oripinnlffi
595 3419 712 3462 ancora
733 3404 852 3484 scripto
876 3400 917 3464 dc
944 3421 1007 3478 mc,
1041 3421 1058 3463 e
1093 3401 1211 3464 dettato
1236 3402 1276 3465 do

154 3513 239 3576 detto
261 3511 407 3574 Mamilio
429 3508 548 3581 Ficinn,
573 3529 663 3572 como
686 3510 859 3573 stultissimo
882 3532 899 3573 e
911 3509 1048 3596 filooofo
1068 3512 1239 3596 platonico.

237 3623 331 3687 Hunc
351 3619 493 3687 codicem
516 3638 551 3686 se
572 3626 740 3702 sequutum
762 3639 834 3686 esse
854 3619 1019 3704 profitetur
1040 3622 1180 3687 Turrius.

238 3737 268 3797 2.
300 3731 651 3796 Mnonrunnocnmuus
672 3730 698 3794 Ι.
743 3729 844 3796 Olass.
860 3724 931 3796 VII‘.
954 3731 1126 3796 No.1173.
1149 3733 1276 3798 charta·

154 3862 229 3909 cens
256 3843 290 3907 in
320 3846 441 3924 quarto,
470 3839 661 3924 paginarum
683 3843 734 3905 94.
785 3841 928 3923 Scriptus
950 3840 1077 3906 videtur
1097 3841 1156 3907 sub
1181 3841 1277 3908 finem

155 3971 238 4020 suec.
261 3951 332 4033 XV,
356 3950 409 4017 vel
430 3951 521 4016 initio
544 3950 632 4016 XVI.

279 4062 330 4126 Ex
357 4062 417 4127 hoc
444 4060 554 4127 codice
575 4060 776 4127 Fruticellius
803 4060 938 4145 primam
962 4060 1118 4127 versionis
1140 4062 1278 4129 Ficinia-

155 4191 219 4239 nee
240 4168 414 4238 editionem
436 4171 552 4238 hausit.
