2940 4808
244 278 245 282 ‘
339 311 474 366 aruns
492 309 718 366 uouaaomu
736 311 783 365 m.
801 310 829 365 o.
851 314 890 364 5.
912 314 974 376 (n.)
1155 306 1213 366 127

96 489 131 552 In
155 491 308 569 quantum
324 506 399 551 vero
422 487 495 549 sunt
517 484 652 549 relativa
668 483 834 565 quaedam,
858 489 893 547 ut
914 488 1011 568 patet,
1034 481 1216 549 reducenda
1233 500 1264 548 45

95 593 168 655 sunt
190 588 241 655 vel
264 586 481 668 adinvicem,
505 586 533 650 si
551 585 689 650 'alterum
713 585 949 650 subalternatur
970 584 1078 668 alteri,
1107 585 1160 648 vel
1182 583 1216 647 in

95 691 203 776 specie
226 687 458 755 communicant
478 707 537 769 per
558 692 703 750 naturam
725 688 905 771 relationis3
937 689 989 751 vel
1018 685 1061 750 ad
1082 684 1216 767 aliquod

95 792 224 859 tertium
246 790 289 854 ad
311 789 397 870 quod
419 788 619 871 reducantur,
644 793 806 869 tamquam
829 787 872 851 ad
895 809 1091 854 communem
1113 787 1213 852 unita-

96 899 169 960 tem.
211 891 276 959 Sed
297 912 360 957 non
381 894 489 975 potest
512 888 584 972 diei,
607 889 693 970 quod
709 891 844 955 alterum
859 890 1093 956 subalternetur
1107 889 1212 972 alteri3

98 996 173 1077 quia
202 994 247 1059 sic
275 993 410 1058 alterum
441 991 481 1057 de
504 993 605 1057 altero
627 991 879 1076 praedicaretur:
912 990 997 1074 quod
1021 997 1069 1058 est
1089 991 1213 1056 falsum.
1233 1007 1264 1057 55

97 1098 170 1162 Non
199 1095 283 1162 enim
313 1093 462 1158 dicimus:
498 1094 675 1177 Imperator
704 1099 753 1158 est
782 1095 885 1178 Papa,
919 1114 977 1160 nec
1007 1114 1024 1159 e
1054 1112 1214 1159 converso.

96 1197 166 1262 Nec
187 1201 294 1280 potest
315 1195 387 1279 dici,
413 1194 498 1276 quod
517 1194 748 1261 communicent
769 1195 803 1259 in
824 1195 943 1278 specie3
969 1214 1065 1275 quum
1087 1194 1152 1258 alia
1176 1194 1230 1258 sit·

96 1299 177 1364 ratio
200 1300 325 1380 Papae,
350 1297 416 1361 alia
436 1297 656 1381 Imperatoris,
683 1296 716 1360 in
740 1301 890 1378 quantum
912 1294 1110 1381 hujusmodi:
1141 1314 1216 1379 ergo

96 1399 289 1466 reducuntur
311 1398 354 1462 ad
376 1396 515 1481 aliquid,
539 1398 571 1461 in
595 1418 656 1479 quo
679 1399 799 1464 habent
820 1399 909 1465 uniri.

183 1503 317 1585 Propter
340 1499 426 1580 quod
448 1499 626 1583 sciendum,
652 1500 737 1582 quod
759 1503 840 1570 sicut
862 1521 895 1566 se
919 1501 1017 1567 habet
1038 1499 1150 1564 relatio
1174 1497 1216 1562 ad
1234 1510 1265 1558 55

97 1602 294 1684 relationem,
319 1601 365 1666 sic
386 1601 556 1666 relativum
578 1600 621 1665 ad
642 1603 820 1668 relativum.
866 1601 900 1666 Si
923 1621 998 1683 ergo
1021 1603 1162 1685 Papatus
1186 1606 1217 1666 et

97 1704 305 1789 Imperiatus,
341 1723 437 1784 quum
472 1704 535 1768 sint
567 1703 737 1770 relationes
768 1703 1043 1788 superpositionis,
1076 1702 1218 1767 habeant

103 1803 210 1871 reduci
233 1804 276 1868 ad
295 1809 476 1889 respectum
491 1805 761 1890 superpositionis,
785 1825 881 1886 aquo
904 1809 1049 1890 respectu
1065 1823 1135 1867 eum
1153 1803 1218 1868 suis

123 1956 146 1988 55
163 1955 193 2007 Ρ.
211 1961 274 2007 sacret
292 1954 380 2007 relata
399 1956 533 2024 qrreaedam
547 1942 583 1995 ’-
598 1956 630 2009 In

164 2039 203 2092 M.
223 2039 298 2092 deest
315 2040 450 2109 quaedam

182 2130 212 2176 ut
224 2129 304 2196 patet
320 2123 395 2178 deest
412 2124 440 2177 in
459 2125 491 2178 F.
502 2158 524 2164 -
542 2125 571 2178 P.
591 2131 632 2178 ot-

160 2214 237 2279 pote,
255 2209 298 2263 ael
314 2216 344 2262 al
356 2215 437 2280 patet

124 2294 147 2326 ⁴⁰
163 2293 275 2347 Ficinus
305 2299 332 2347 et
363 2298 494 2361 quotquot
527 2300 633 2348 exstant

166 2378 239 2432 editt.
259 2379 356 2446 supino
371 2393 461 2432 errore
478 2379 632 2432 reducenda

167 2472 230 2514 suaet
248 2462 290 2515 ael
306 2463 343 2515 ad
354 2463 632 2533 jade'cem—Justam

167 2547 307 2600 lectionem
349 2547 476 2601 exhibent
520 2548 632 2615 codices,

165 2633 237 2685 inter
255 2647 283 2684 se
302 2630 508 2686 eonsentientes

124 2717 148 2750 55
165 2715 196 2768 F.
216 2715 383 2770 reducantur
405 2716 442 2768 ad
467 2732 632 2769 compescerem

123 2801 148 2834 ⁴⁹
164 2801 197 2853 A.
208 2801 238 2854 P.
249 2800 281 2853 V.
300 2800 349 2854 sed
365 2817 420 2853 aaa
435 2805 528 2871 potest
544 2800 634 2855 dicere

183 2886 214 2938 F.
225 2885 299 2954 quod
307 2885 422 2938 alterum
431 2885 634 2939 subalternatur

126 2972 147 3003 ⁵¹
166 2971 199 3024 A.
218 2971 250 3023 F.
269 2970 303 3023 H.
323 2970 354 3023 L.
373 2969 411 3022 M.
430 2970 460 3022 P.
480 2969 559 3024 —.V.
579 2986 633 3023 aaa

166 3056 235 3109 euim
263 3055 382 3108 decimus
410 3051 567 3126 Imperator
593 3076 634 3095 ’-

166 3140 250 3194 Editt.
278 3142 345 3192 antt.
375 3138 487 3193 ridicule
514 3146 634 3194 errantes

143 3236 220 3278 ’555
254 3225 324 3276 enlm
351 3223 451 3278 Decios
476 3228 544 3296 Imp.
594 3225 634 3279 Cf.

167 3309 255 3362 Gaea.
290 3308 429 3362 Rossunur
461 3306 539 3362 Sallu
567 3310 633 3380 spir.

167 3395 288 3464 autipup.
315 3410 341 3461 p.
367 3397 425 3446 276.
445 3397 485 3446 77.
513 3399 540 3446 et
565 3409 634 3463 quae

167 3478 281 3531 diximus
304 3477 332 3530 in
356 3477 442 3541 libro,
468 3477 512 3531 cui
537 3480 633 3534 titulus

167 3560 466 3633 Dante-Eorsedaapea
484 3579 510 3630 p.
532 3569 588 3616 115.

766 1958 799 2009 A.
818 1956 852 2008 H.
871 1956 903 2008 L.
912 1955 951 2008 M.
965 1956 998 2008 V.
1017 1960 1071 2008 ete
1089 1969 1217 2009 converso

750 2073 783 2080 —
801 2041 833 2095 L.
852 2048 879 2093 et
895 2057 910 2093 e
927 2041 1066 2095 conuerte

711 2127 733 2159 ⁵³
752 2127 784 2179 A.
809 2127 881 2178 ratio
907 2125 943 2178 ait
965 2123 1073 2191 Papae,
1095 2123 1218 2194 Impera·

754 2212 821 2264 toris
831 2240 862 2248 -
872 2210 902 2262 L.
912 2217 963 2262 rat.
976 2207 1070 2279 Papae
1079 2213 1104 2261 et
1112 2206 1218 2278 Imp.—

751 2294 784 2346 H.
795 2293 825 2346 P.
844 2296 879 2347 sit
896 2301 948 2347 rat.
959 2293 1054 2364 Papae
1068 2300 1093 2346 et
1102 2291 1174 2361 Imp.
1187 2323 1219 2330 -

751 2379 823 2432 Fsa't
830 2384 881 2432 rat.
892 2378 995 2449 Papae,
1004 2377 1060 2432 alia
1070 2379 1141 2430 ratio
1147 2374 1218 2447 Imp.

712 2465 735 2497 55
753 2464 790 2517 M.
809 2481 875 2534 erpo
892 2464 1058 2518 reducantur
1178 2524 1179 2529 η

770 2547 801 2600 F.
816 2548 854 2601 ad
869 2548 983 2618 aliquod
1000 2549 1016 2601 i.
1028 2564 1072 2617 qa.
1085 2546 1111 2600 d.
1128 2562 1219 2600 verum

711 2635 733 2666 55
751 2634 784 2685 A.
799 2632 836 2684 M.
856 2631 975 2703 Propter
992 2632 1066 2701 quoa
1082 2631 1220 2686 serendam

725 2718 727 2722 '
753 2717 886 2787 estquod

721 2857 723 2860 Α
770 2801 801 2854 L.
820 2802 859 2854 sie
876 2816 906 2853 se
923 2800 1003 2855 dubet
1019 2801 1097 2854 relat.

713 2887 736 2919 55
753 2889 786 2940 A.
797 2885 831 2938 H.
850 2885 965 2939 relatam
983 2885 1020 2939 ad
1035 2880 1219 2939 relatiuam-

752 2971 784 3023 V.
795 2970 910 3023 relatam
920 2971 958 3023 ad
965 2970 1080 3023 relatum
1090 3001 1121 3009 -
1133 2969 1217 3024 Editt.

753 3056 853 3123 antiqu.
872 3054 1063 3108 relativumad
1079 3055 1195 3108 relatum

713 3143 735 3175 ⁵⁷
752 3142 784 3194 A.
805 3141 842 3194 M.
862 3139 986 3211 Papatus
1004 3147 1030 3193 et
1047 3138 1204 3211 Imperator

713 3228 744 3292 55,
764 3228 787 3261 55
803 3226 838 3279 H.
850 3225 882 3278 L.
897 3225 934 3278 M.
944 3225 974 3277 P.
992 3224 1140 3279 relationes
1157 3241 1220 3296 sup-

752 3311 896 3382 positionis
927 3348 984 3363 ...
1010 3311 1048 3363 ad
1069 3317 1220 3381 respectum

753 3396 950 3467 suppositionis

769 3481 802 3533 F.
820 3480 851 3533 P.
870 3479 968 3533 debent
991 3478 1087 3534 reduci

658 3636 660 3642 Ι
712 3566 734 3599 55
751 3565 782 3619 L.
803 3583 820 3618 a
838 3564 936 3635 paribus
953 3571 1078 3634 respectu
1098 3593 1130 3602 -
1148 3563 1216 3616 Edd.
1237 3613 1238 3616 ,

752 3654 818 3704 antt.
839 3649 969 3718 adpareat
984 3663 1055 3718 resp.

98 3765 148 3832 „si
166 3769 255 3818 autem
272 3764 324 3818 hoc
343 3766 411 3818 bene
429 3765 536 3826 dicitur,
557 3766 779 3835 quemadmodum
797 3767 916 3829 videtur,
942 3769 1027 3820 otest
1045 3765 1216 3833 uniuscujus-

99 3849 151 3901 que
173 3832 416 3899 mensuravimus,
442 3840 468 3887 et
485 3836 586 3899 bonus,
614 3834 760 3889 secundum
785 3834 856 3901 quod
873 3834 949 3897 talis,
974 3837 1002 3887 et
1028 3832 1217 3887 delectationes

100 3905 179 3955 eruut
204 3901 297 3968 utique
322 3917 390 3969 quae
413 3902 476 3955 huic
500 3903 636 3968 videntur,
664 3910 690 3957 et
715 3901 883 3957 delectabilia
901 3903 997 3971 quibus
1023 3901 1074 3954 iste
1091 3901 1216 3969 gandet.“

98 3969 164 4023 Ibid.
186 3975 267 4037 capi
289 3970 360 4031 (lect.
373 3976 413 4033 lt)
433 3970 479 4035 „si
498 3971 589 4039 itaque
599 3972 715 4025 divinum
731 3970 795 4039 quid
807 3970 961 4024 intellectus
979 3968 1014 4022 ad
1031 3969 1172 4030 hominem,
1191 3975 1218 4024 et

99 4037 246 4091 secundum
271 4038 343 4092 hauc
368 4037 457 4092 divina
480 4040 534 4092 vita
560 4039 594 4092 ad
617 4040 761 4095 humanam
787 4039 876 4092 vitam.
918 4041 1032 4106 Oportet
1054 4044 1143 4090 autem
1161 4054 1216 4091 non

99 4105 246 4159 secundum
263 4105 407 4160 suadentes
425 4107 543 4160 humana
561 4123 654 4175 sapere
671 4106 814 4171 hominem,
832 4122 918 4174 neque
928 4104 1052 4159 mortalia
1068 4105 1216 4170 mortalem,

99 4172 192 4226 sedin
210 4180 339 4240 quantum
357 4174 487 4242 contingit
503 4175 679 4229 immortalem
696 4174 800 4241 tacere,
820 4180 846 4228 et
864 4175 953 4228 omnia
970 4172 1059 4226 facere
1078 4172 1111 4225 ad
1130 4171 1217 4227 vivere

99 4240 245 4295 secundum
263 4241 391 4309 optimum
410 4257 514 4309 eorum,
532 4258 601 4312 quae
619 4244 648 4296 in
665 4242 751 4311 ipso.“
