2948 4806
234 311 323 366 LXIV
627 309 836 366 EDITIONUM
853 309 989 365 SERIES.

340 605 430 668 1610.
465 600 700 666 Ononnmnnn:

775 735 824 800 De

730 844 862 927 origine,

644 954 848 1037 Progressuq.
871 955 953 1021 stcri

556 1066 646 1129 Rom.
670 1065 809 1148 Imperii,
832 1072 899 1130 tum
922 1064 963 1130 de
984 1064 1048 1130 for-

536 1185 540 1220 ¹
577 1195 640 1257 ma,
663 1180 833 1258 potestate,
855 1173 1029 1241 authorita-

705 1291 799 1367 tequc
821 1305 895 1368 sua3

783 1402 815 1461 et

643 1503 781 1586 qualiter
801 1504 836 1569 id
856 1505 961 1588 ipsum

535 1612 578 1678 ad
601 1615 778 1680 Germanos
799 1616 990 1682 translatum
1012 1615 1062 1697 sit,
1165 1598 1167 1603 ⁷

494 1724 648 1789 Auctorcs
670 1724 792 1807 aliquot
812 1724 917 1809 prisci,
939 1725 1105 1808 insingnes

687 1854 725 1900 ac
747 1835 913 1918 praeclaii.

421 1942 561 2022 Quorum
583 1944 751 2029 syllohom
773 1965 868 2011 veroa
889 1945 1020 2012 exhibet
1041 1950 1180 2032 pagella.

698 2056 897 2122 Recensente

591 2164 758 2230 Joacnimo
781 2163 906 2246 Olnten,
929 2165 1004 2230 Par-

577 2274 742 2358 chimensi,
766 2275 1014 2358 Megapolitano.

562 2388 600 2449 16
644 2384 787 2467 [Signum
810 2387 948 2469 typogr.]
996 2391 1044 2450 10.

693 2493 904 2561 Offcnbachii.

239 2603 340 2688 Typis
370 2603 509 2669 Conrodi
538 2604 685 2685 Nebcnii,
719 2605 877 2688 Impensis
901 2605 988 2671 Petri
1021 2603 1164 2687 Muoculi,
1187 2605 1216 2670 <t
1237 2605 1363 2689 Ruper-

598 2717 622 2779 ti
644 2714 772 2779 Pistorii
794 2713 991 2781 Consortum.

237 2875 276 2939 ln
299 2880 410 2939 octavo
434 2873 559 2940 minori.
596 2874 814 2941 Monarchiam
829 2875 983 2941 exhibent
997 2896 1029 2958 p.
1048 2878 1223 2942 131-235.
1251 2874 1364 2941 Unum

237 2983 785 3068 EngelbcrtiAdmontensis
808 2984 876 3068 (qui
898 2991 1038 3051 testante
1058 3006 1089 3068 p.
1106 2987 1157 3050 59.
1180 2985 1260 3051 vixit
1282 2991 1365 3051 tem·

237 3114 316 3179 pore
338 3095 469 3159 Henrici
491 3092 576 3179 VII.)
597 3101 766 3161 tractatum
795 3097 970 3179 „De-ortu
998 3102 1030 3162 et
1051 3094 1114 3160 fine
1140 3095 1276 3162 Romani
1299 3095 1365 3160 Im-

238 3204 341 3289 perii“
365 3204 406 3269 de
427 3224 485 3270 suo
507 3204 626 3289 adjecit
648 3203 778 3288 Oluten3
806 3207 920 3288 reliqui
942 3225 1063 3289 omnes,
1091 3206 1204 3271 eodem
1227 3227 1364 3290 opuscu-

239 3316 341 3380 lorum
365 3313 487 3397 ordine,
511 3314 638 3398 repetiti
659 3321 733 3380 sunt
756 3335 796 3382 cx
817 3316 1004 3383 collectione
1028 3313 1234 3400 Oporiniana.
1270 3316 1366 3381 Dixi·

238 3444 308 3491 mus
332 3423 371 3491 dc
394 3425 456 3491 hac
479 3424 620 3492 editione
641 3446 672 3509 p.
698 3425 751 3490 VI.
