2940 4808
604 823 978 902 COROLLARIUM.

319 1029 367 1093 Ne
391 1047 524 1093 vacuum
548 1029 678 1096 ultimae
704 1029 799 1114 hujus
821 1030 895 1094 libri
921 1029 1059 1113 paginae
1082 1029 1220 1112 spatium
1243 1031 1356 1096 oeulos

234 1130 362 1196 lectoris
386 1130 535 1214 offendat,
560 1137 592 1196 et
614 1138 648 1196 ut
662 1137 817 1218 appareat
836 1137 1033 1216 quantopere
1049 1130 1199 1213 Juriunra
1222 1132 1354 1197 summis

233 1231 440 1298 Pontificibus
462 1234 682 1299 affectatorem
706 1234 849 1299 vindices
873 1234 969 1299 etiam
991 1239 1063 1317 post
1085 1237 1132 1298 tot
1153 1235 1354 1300 saeculorum

234 1334 360 1419 lapsum
388 1334 450 1400 sibi
480 1339 638 1418 constent,
668 1334 816 1400 addimus
839 1355 920 1416 quae
943 1336 1138 1417 argumentis
1160 1336 1201 1400 ab
1224 1341 1355 1401 auctore

234 1441 340 1503 nostro
364 1435 557 1520 impugnatis
579 1436 742 1501 simillima
762 1458 862 1522 nuper
884 1435 928 1521 (d.
944 1437 981 1504 V.
1003 1458 1101 1504 mens.
1123 1436 1354 1509 Mantitour.)

234 1535 476 1621 disputaverunt
497 1538 726 1622 Ephemerides
749 1541 911 1605 Romanae
934 1539 1130 1605 aSooietate
1152 1539 1231 1606 Jesu
1247 1539 1354 1606 editae

234 1637 365 1719 (Ciatctt
389 1643 542 1705 oottolr'cu.
569 1641 660 1705 Serio
690 1642 778 1703 VIII.
803 1643 861 1703 vol.
886 1663 916 1725 p.
941 1645 1030 1719 658.)

425 1743 458 1804 Il
478 1743 633 1828 Pontifioe
656 1743 672 1805 ie
694 1745 871 1806 eorzstitua'to
895 1744 934 1806 do
949 1744 1024 1815 Dio,
1049 1745 1079 1805 iu
1102 1744 1193 1805 ruodo
1217 1745 1354 1805 {resoluto

361 1844 431 1907 nell’
456 1846 543 1928 opica
566 1846 647 1907 della
669 1845 836 1916 sesamum,
862 1847 893 1906 in
917 1859 1031 1929 quanto
1055 1846 1117 1906 tulo
1140 1896 1146 1908 .
1172 1897 1178 1912 .
1202 1894 1209 1909 .
1247 1844 1354 1924 Quod·

362 1965 496 2028 cumque
519 1947 671 2029 ligaveris
693 1952 919 2031 superterram
936 1952 993 2012 eto.
1034 1945 1146 2025 Queate
1166 1949 1279 2031 parole
1293 1967 1355 2009 non

362 2048 463 2111 ddnno
493 2051 585 2130 luopo
614 2049 656 2111 ud
676 2050 837 2110 eooezr‘one
859 2069 990 2120 aeroma,
1022 2050 1062 2111 ed
1089 2052 1267 2128 esprr'mono
1294 2069 1355 2110 utro

359 2152 557 2233 piudieuturo
580 2152 755 2213 strzr'omaule
777 2151 817 2211 ed
837 2152 982 2212 (resoluto.
1021 2153 1102 2214 Esse
1124 2150 1355 2236 corrrpreodooo

362 2254 437 2334 opna'
458 2275 537 2316 soso.

425 2355 463 2419 P.
486 2352 558 2418 66³.
608 2355 671 2417 Ner
691 2352 845 2431 Pontifice
866 2356 896 2414 si
916 2365 1069 2438 opposta,
1094 2376 1179 2416 coarto
1202 2357 1232 2416 iu
1256 2355 1355 2438 opine,

363 2454 444 2518 I'uno
468 2478 484 2516 o
506 2457 610 2518 l'oltrm
630 2455 770 2534 potesld5
794 2477 810 2517 e
832 2454 880 2518 οἱὸ
901 2476 961 2533 per
984 2477 1069 2518 esser·
1090 2457 1153 2537 apli
1173 2456 1298 2518 Vinaria
1323 2455 1357 2517 di

364 2557 482 2631 Crista,
506 2560 531 2620 il
552 2560 717 2642 quolenus
739 2559 908 2619 solamente
930 2557 946 2619 d
971 2557 1142 2621 Sacerdote
1164 2567 1280 2629 eterno,
1305 2578 1356 2618 roo

362 2660 516 2723 anaema
540 2662 588 2724 Re
618 2661 670 2722 dei
690 2661 739 2722 Re
769 2658 944 2740 eSanore
973 2660 1024 2721 dei
1043 2660 1238 2722 Dominonti.
1285 2656 1356 2722 Cosi

361 2763 487 2845 iosepnu
522 2772 763 2845 esparesaomeota
801 2759 834 2825 S.
875 2762 1037 2823 Tommoso
1072 2763 1124 2824 arei
1158 2764 1292 2824 contenti
1325 2764 1358 2824 ul

361 2865 502 2927 Moeso-o
532 2866 612 2927 delle
635 2864 807 2928 Sentenze:
838 2862 1011 2943 Utriusque
1040 2863 1207 2947 potestatis
1229 2863 1356 2947 apicem

359 2969 461 3049 tenet,
486 2967 608 3032 scilieet
630 2964 805 3049 spiritualis
820 2971 852 3029 et
876 2965 1063 3048 saecularis3
1088 2965 1148 3031 hoo
1170 2965 1230 3030 Illo
1249 2964 1355 3048 dispo-

361 3072 471 3150 nente,
503 3068 558 3149 qui
585 3071 634 3132 est
667 3065 824 3132 Sacerdos
854 3071 885 3131 et
907 3068 977 3132 Rex
1005 3067 1038 3131 in
1060 3070 1222 3133 aeternum
1246 3087 1355 3156 seeun-

362 3169 436 3233 dum
460 3169 604 3238 ordinem
631 3165 883 3250 Meiohisedeeh,
908 3169 977 3235 Rex
997 3170 1121 3251 Regum
1144 3171 1176 3232 et
1199 3168 1357 3234 Dominus

360 3272 607 3338 Dominantium.

234 3374 368 3458 Similia,
385 3381 417 3440 et
431 3374 579 3457 graviora
596 3373 701 3456 etiarn,
717 3394 774 3457 per
789 3372 892 3437 ultimi
905 3371 1023 3438 biennii
1036 3370 1176 3453 spatium
1189 3390 1228 3435 ex
1242 3369 1358 3437 eodem

234 3479 321 3544 fonte
344 3481 510 3542 manarunt
533 3476 705 3559 complura.
