2940 4808
572 307 859 368 enormitatum.
1196 307 1275 365 XXV

156 499 266 560 tamen
293 488 428 577 inveni,
468 486 522 582 qui
557 497 622 559 tarn
656 486 718 556 late
753 507 824 556 rem
859 482 1054 579 exposuerit,
1095 495 1130 555 ut
1162 492 1276 559 auctor

157 626 270 688 noster
304 613 374 709 ejus
409 638 492 710 opus
525 614 565 686 ad
599 613 815 685 refellendum
850 611 910 683 sibi
938 611 1091 706 selegisse
1118 611 1275 685 dicendus

156 745 208 815 sit.
262 742 428 814 Habemus
463 740 593 836 quidem
630 741 714 812 inter
749 763 847 835 opera
881 739 912 811 b.
941 739 1079 811 Tnourrr
1106 739 1207 811 libros
1234 738 1274 811 da

156 869 331 966 [tegimine
359 869 557 965 principum,
583 868 637 964 qui
654 867 868 941 Pontificibus
886 866 1043 941 Romanis
1069 867 1138 939 lere
1166 867 1276 938 omnia

155 1022 239 1095 quae
266 997 327 1070 sibi
355 996 560 1069 vindicabant
582 995 656 1090 jura
689 995 817 1085 tribuit3
853 996 913 1067 bos
947 1005 1056 1065 tamen
1091 992 1206 1085 libros,
1239 1017 1276 1067 ea

156 1136 245 1198 certe
272 1125 378 1196 lorma
405 1148 466 1220 qua
493 1147 583 1197 nune
610 1124 774 1216 leguntur,
800 1121 969 1218 Aquinatis
988 1144 1060 1193 osse
1078 1145 1143 1196 uon
1171 1144 1276 1216 posse,

157 1253 273 1349 probat
304 1252 396 1323 locus
420 1251 473 1325 ΙΙΙ.
502 1251 568 1343 20,
602 1250 658 1346 qui
684 1273 827 1346 pugnarn
857 1248 1134 1323 Gdllbeirnensem
1169 1260 1202 1320 et
1227 1272 1277 1321 re-

153 1380 353 1452 electionem
372 1378 496 1451 Alberti
515 1379 679 1451 Austriaci
703 1387 842 1466 enarrat,
861 1379 943 1449 lacta
970 1400 1051 1472 quae
1071 1399 1136 1449 uon
1165 1377 1276 1449 minus

156 1531 255 1604 quam
291 1504 515 1601 septendecim
549 1529 654 1579 annos
688 1516 762 1601 post
794 1504 919 1577 obitum
949 1501 1100 1575 Doctoris
1128 1503 1275 1599 Argolici

156 1631 402 1730 creuerunt.²⁰)
435 1631 584 1705 Praetura
603 1633 725 1705 nullam
747 1631 883 1704 omuino
902 1631 1092 1705 relationem
1112 1631 1197 1705 iuter
1216 1631 1277 1703 boc

154 1787 240 1860 opus
268 1771 302 1835 et
325 1760 440 1832 Dentis
467 1759 688 1835 Monarchiam
718 1757 962 1855 deprehendere
989 1758 1069 1831 mihi
1097 1758 1243 1854 contigit.

241 1888 366 1981 ‚Etiam
401 1912 441 1960 ex
464 1888 561 1960 altera
596 1898 686 1983 parte
713 1898 818 1959 tautae
845 1879 1053 1958 summorum
1081 1885 1274 1961 Pontificum

155 2017 327 2091 ambitioni
375 2016 538 2090 multoties
577 2014 813 2090 contradictum
857 2026 924 2105 est,
968 2024 1033 2086 tam
1066 2015 1105 2086 ab
1133 2013 1275 2109 Impera·

155 2144 293 2234 toribus,
319 2142 588 2241 Principibusque
614 2143 703 2240 ipsis,
732 2143 835 2238 iisque
854 2142 908 2237 qui
936 2165 1065 2213 causam
1093 2165 1207 2215 eorum
1235 2141 1275 2212 ad

155 2270 402 2344 defendendum
418 2280 639 2366 susceperant,
658 2280 722 2341 tam
738 2269 777 2341 ab
796 2269 868 2340 aliia
885 2293 942 2340 sua
961 2279 1075 2364 sponte
1094 2270 1128 2343 in
1143 2271 1275 2341 arenam

157 2397 254 2492 hujus
284 2398 376 2492 litigii
406 2397 690 2468 descendentibus.
736 2397 824 2469 lnter
850 2420 932 2493 quos
957 2395 1123 2487 Joutunas
1151 2395 1275 2471 Tauro·

155 2551 248 2598 uicus
284 2524 435 2619 (Sauara
469 2524 554 2595 circa
585 2524 693 2618 1240)
731 2525 892 2597 notandus
927 2548 997 2595 esse
1030 2523 1173 2612 videtur,
1212 2523 1277 2619 qui,

156 2653 305 2751 quamvis
340 2651 530 2722 lnnooenlio
564 2651 617 2752 lIl.
645 2652 860 2724 familiaritate
900 2651 1049 2746 junctus,
1094 2661 1204 2721 tarnen
1239 2650 1272 2720 iu

155 2781 277 2875 glossa,
303 2803 398 2876 quarn
426 2777 465 2850 ad
494 2778 639 2853 Gratiani
658 2778 832 2851 Decretum
861 2779 1055 2876 composuit,
1082 2801 1147 2849 noa
1175 2777 1276 2853 semel

155 2907 389 3004 Imperatorem
427 2906 567 2996 nemini,
601 2931 641 2978 ne
675 2907 778 3003 Papae
806 2906 947 3002 quidem,
985 2930 1054 2978 esse
1089 2905 1278 2997 obnoxium,

149 3013 334 3140 2asserit.²¹)
387 3032 578 3105 Uberiorem
613 3058 687 3105 vero
722 3034 761 3105 de
790 3034 851 3104 lroc
877 3043 1069 3130 argumento
1097 3042 1278 3125 tractatum,

195 3344 196 3348 Ἰ
243 3277 275 3342 ²³)
291 3276 403 3330 Rurms
421 3275 463 3329 De
481 3276 567 3343 gestis
585 3281 613 3331 et
631 3275 739 3344 scriptis
757 3275 782 3329 S.
802 3275 922 3330 Thomae
935 3276 1004 3332 Ven.
1025 3281 1099 3333 itti.
1115 3292 1143 3344 p.
1161 3280 1218 3332 231.
1237 3291 1276 3345 eq.

155 3368 291 3438 Aquinati
309 3369 368 3422 libr.
378 3368 398 3421 Ι.
411 3372 439 3422 et
448 3368 481 3421 II.
494 3373 567 3436 1-4,
584 3367 787 3424 Ptolemaeo
805 3368 947 3424 Lucensi
966 3369 1278 3440 tricaequentiaoapita,

153 3464 261 3533 reliqua
277 3477 343 3519 vero
360 3477 498 3532 anonymo
516 3461 618 3519 tribuit.

243 3556 273 3620 ²¹)
292 3555 391 3610 Glossa
401 3555 572 3621 ‚,Disorerit“
590 3555 624 3611 ad
635 3571 693 3615 aaa.
705 3560 729 3610 6.
748 3556 816 3611 Dist.
827 3555 923 3611 XCVI.
943 3556 1045 3619 „Immo
1056 3555 1164 3616 videtur
1174 3559 1277 3621 contra,

155 3648 232 3717 quod
252 3664 306 3702 non
325 3648 462 3714 discrevit,
481 3647 531 3703 sed
548 3648 686 3716 contudit,
705 3665 788 3719 quum
807 3650 869 3717 lpse
887 3665 958 3703 unus
976 3655 1005 3702 et
1021 3648 1108 3714 idem,
1131 3653 1275 3716 utrumque

155 3737 280 3799 osticium
289 3742 377 3809 gessit
386 3756 435 3809 per
445 3756 484 3804 aa,
502 3745 533 3797 ut
542 3745 658 3805 notaret,
677 3742 750 3812 quod
762 3757 796 3797 ex
807 3741 904 3798 eodem
922 3741 999 3796 fonte
1016 3745 1209 3809 processerunt
1219 3783 1224 3794 .
1235 3782 1241 3794 .
1253 3782 1275 3795 ..

156 3836 227 3894 Nam
247 3834 314 3888 dicit
331 3835 402 3901 Lex,
430 3834 505 3904 quod
523 3850 630 3890 summa
646 3835 727 3891 uobis
745 3834 818 3889 bona
841 3850 858 3889 a
876 3836 936 3891 Deo
960 3849 1091 3891 concessa
1114 3838 1193 3897 sunt,
1218 3835 1274 3892 seit.

154 3927 345 3985 Sacerdotium
373 3933 401 3982 et
417 3928 563 3997 Imperium
582 3927 816 3990 (Novdustiuiani
834 3932 859 3995 6,
881 3927 1023 3993 Prooemt.
1054 3927 1162 3985 Rursus
1170 3927 1276 3983 Primus

155 4036 207 4090 per
233 4021 389 4090 superbiam
417 4022 531 4089 cecidit,
565 4020 638 4077 unde
664 4021 787 4076 homines
813 4021 840 4075 in
866 4020 1004 4095 Internum
1032 4020 1277 4089 demergebaatnr;

155 4115 283 4175 Christus
306 4119 397 4173 autern
422 4131 473 4181 noa
496 4115 646 4175 bumilitate
671 4130 720 4170 sua
743 4129 849 4169 sursum
875 4113 967 4171 crexit.
1015 4113 1080 4169 Sed
1094 4115 1116 4169 si
1146 4115 1277 4177 baberent

155 4222 254 4263 ornnes
272 4209 363 4263 omnia
381 4201 480 4275 officia,
500 4207 681 4276 superbirent,
698 4208 737 4263 ite
754 4208 829 4277 quod
846 4208 943 4263 iterum
962 4207 1277 4277 demergerentuninin-
