2940 4808
468 322 605 378 DANTIS
622 322 839 409 uouARuffln
855 324 877 378 Ι.
896 323 926 379 G.
944 330 968 380 9.
1237 323 1279 384 69

155 515 255 582 quom
275 493 422 562 diremtio
444 495 634 562 universalis
656 495 751 579 litigii
773 496 876 580 magis
897 498 968 562 Deo
990 495 1032 560 sit
1054 515 1157 581 curae,
1182 518 1277 580 quam
1365 501 1367 508 '

155 595 304 665 diremtio
326 598 543 683 particularis,
566 604 598 664 et
619 598 654 663 in
674 597 921 683 particularibus
947 596 1058 678 litigiis
1088 598 1278 680 quibusdam

153 721 214 787 per
232 699 373 767 athletas
395 700 537 766 divinum
555 700 713 785 judicium
734 699 928 785 postulatur,
953 699 1050 784 juxta
1074 700 1183 765 tritum
1204 722 1276 785 pro·
1295 722 1316 771 5·

154 802 315 870 verbium:
345 801 404 867 Oui
424 803 514 867 Deus
544 801 705 886 concedit,
734 799 903 867 benedicat
931 805 963 867 et
990 802 1118 887 Petrus;
1155 804 1277 868 nullum

155 902 289 970 dubium
310 907 374 987 est,
398 903 474 984 quin
487 903 709 988 praevalentia
729 903 763 967 in
777 902 908 969 athletis
928 924 987 988 pro
1009 904 1145 988 Imperio
1167 905 1278 971 mundi

96 1073 99 1079 ,
151 1005 350 1074 certantibus
380 1005 444 1072 Dei
473 1004 631 1090 judicium
662 1005 705 1069 sit
736 1009 879 1087 sequuta.
934 1006 1095 1071 Romanus
1129 1008 1278 1091 populus,

151 1107 277 1175 cunctis
298 1106 560 1173 athletinantibus
581 1127 639 1191 pro
661 1105 798 1191 Imperio
821 1105 948 1190 mundi,
971 1106 1167 1191 praevaluit:
1190 1109 1277 1189 quod

154 1210 218 1277 erit
245 1208 464 1294 manifestum,
493 1208 521 1274 si
550 1206 789 1274 considerentur
818 1207 974 1291 athletae,
1003 1207 1032 1272 si
1060 1206 1277 1276 consideretur
1297 1229 1329 1280 to

157 1317 190 1378 et
216 1310 363 1376 bravium
391 1310 460 1376 sive
488 1314 584 1376 meta.
633 1308 785 1374 Bravium
819 1309 888 1375 sive
917 1312 1003 1376 meta
1029 1308 1103 1394 fuit,
1132 1311 1278 1377 omnibus

155 1427 316 1498 praeesse
330 1411 534 1495 mortalibus;
558 1410 619 1477 hoc
642 1410 727 1477 enirn
747 1410 920 1495 Imperium
942 1410 1085 1477 dicimus.
1131 1409 1196 1478 Sed
1217 1412 1278 1479 hoc

152 1513 237 1578 nulli
259 1513 412 1596 contigit,
440 1511 502 1577 nisi
530 1512 673 1577 Romano
701 1513 837 1597 populo:
867 1511 1009 1578 hicnon
1030 1511 1126 1579 modo
1148 1514 1277 1599 primus,

154 1615 233 1698 quin
255 1615 352 1682 etiam
373 1615 460 1681 solus
483 1612 590 1694 attigit
602 1616 721 1680 metam
743 1613 933 1696 certaminis,
956 1615 1121 1679 utstatim
1143 1615 1274 1699 patebit.

240 1716 365 1782 Primus
386 1734 524 1797 namque
545 1714 579 1779 in
600 1714 804 1798 mortalibus,
829 1715 883 1796 qui
905 1712 948 1777 ad
970 1714 1031 1781 hoc
1053 1716 1200 1782 bravium
1221 1738 1275 1800 an·
1296 1739 1326 1792 15

155 1818 295 1901 hclavit,
328 1818 455 1882 Ninus
483 1816 557 1900 fuit,
586 1817 790 1901 Assyriorum
818 1836 892 1900 rex,
928 1817 998 1901 qui,
1033 1818 1179 1899 quamvis
1206 1839 1276 1884 curn

154 1923 300 1986 consorte
321 1917 412 1984 thori
442 1917 651 1983 Semiramide
685 1938 744 2001 per
770 1918 945 1999 nonaginta
979 1922 1011 1984 et
1038 1919 1147 2001 plures
1175 1939 1276 1986 annos

157 2018 206 2106 (ut
228 2019 398 2086 Orosius
425 2017 535 2104 refert)
563 2018 736 2103 Imperium
765 2019 876 2084 mundi
904 2020 1001 2085 armis
1030 2020 1216 2104 tentaverit,
1244 2024 1276 2086 et

155 2121 268 2187 Asiam
289 2125 389 2187 totam
411 2119 474 2186 sibi
495 2121 672 2206 subegerit,
701 2141 765 2187 non
793 2125 901 2187 tamen
930 2119 1142 2188 occidentales
1167 2120 1276 2186 mundi

154 2229 264 2308 partes
297 2222 345 2289 cis
385 2240 525 2303 unquam
563 2222 727 2289 subiectae
765 2221 899 2288 fuerunt.
947 2222 1070 2289 Horum
1110 2223 1275 2289 amborum
1293 2245 1325 2299 20

155 2323 328 2393 Ovidius
354 2322 541 2390 memoriam
569 2322 645 2390 facit
672 2324 706 2388 in
735 2330 864 2408 quarto,
890 2324 945 2389 ubi
968 2322 1045 2390 dicit
1066 2324 1100 2390 in
1121 2325 1276 2410 Pyramo:
1342 2375 1345 2381 .

361 2447 508 2504 Coctilibus
525 2449 609 2503 muris
628 2449 744 2506 cinxisse
761 2448 914 2505 Semiramis
933 2449 1040 2518 orbem3

156 2541 189 2604 et
209 2535 307 2602 infra:

359 2659 526 2715 Conveniunt
542 2659 577 2713 ad
594 2660 676 2713 busta
692 2659 772 2727 Nini,
789 2660 945 2728 lateantque
963 2659 1013 2714 sub
1031 2659 1134 2715 umbra.

201 2831 213 2864 ³
229 2829 342 2885 directio
359 2829 462 2884 habent
478 2843 570 2884 omnes
589 2828 665 2884 codd.
808 2831 837 2881 et
858 2828 988 2891 bravium,
1015 2827 1086 2896 quod
1110 2833 1137 2888 (a
1154 2828 1222 2882 Ven.
1247 2829 1276 2882 in

90 2972 93 2976 ,
198 2913 535 2985 marratio-reliqui
553 2912 633 2968 etiam
644 2912 689 2967 hic
808 2913 889 2965 ettam
897 2914 1041 2977 mutatum)
1051 2912 1194 2967 abestaF.
1204 2918 1232 2967 et
1239 2913 1273 2966 H.

223 2999 336 3054 directio
766 2996 788 3028 ¹³
804 2996 838 3049 A.
861 2995 896 3050 H.
918 2994 949 3048 Ρ.
966 2994 1000 3048 V.
1022 2998 1156 3068 contiaqtt
1181 3027 1215 3036 —
1240 2997 1274 3050 F.

200 3084 262 3137 ὕΑ.
279 3084 311 3138 L.
324 3084 499 3156 postulamus
523 3112 557 3122 -
580 3082 617 3136 M.
636 3097 690 3152 po·
809 3079 933 3134 corruerit

223 3166 353 3222 studemus
405 3203 407 3208 -
769 3164 791 3197 ¹⁴
808 3163 877 3219 Edd.
896 3164 963 3235 quia
979 3168 1005 3218 et
1021 3163 1097 3218 solas

152 3312 157 3319 .
239 3252 307 3307 Edd.
318 3253 410 3324 juxta
421 3253 485 3324 jam
503 3251 595 3305 tritum
826 3248 894 3302 Edd.
913 3250 962 3319 qur*
977 3250 1070 3321 arripit
1085 3280 1119 3287 —
1139 3249 1171 3302 A.
1190 3247 1222 3301 F.
1239 3248 1274 3302 H.

199 3337 259 3393 01⁴¹.
276 3336 309 3395 P.
326 3337 401 3392 neos
418 3336 551 3392 concedat
739 3394 742 3400 ⁸
807 3334 838 3388 P.
856 3334 969 3404 atttnqr't
985 3364 1019 3374 -
1035 3333 1069 3389 V.
1087 3333 1221 3404 coottaptt

239 3421 273 3475 H.
291 3422 363 3476 nulli
378 3422 488 3477 dubium
769 3417 850 3472 1⁸⁵Ita
867 3433 960 3473 omnes
971 3418 1015 3484 (ab
1032 3434 1087 3473 uno
1096 3419 1134 3473 M.
1145 3416 1224 3472 abest
1236 3417 1275 3482 irr)

201 3508 224 3540 ¹⁰
239 3506 271 3560 F.
296 3506 371 3576 quod
392 3510 433 3560 cst
455 3505 630 3574 manifestum
656 3536 690 3544 -
809 3534 841 3546 -
859 3503 928 3557 Edd.
946 3505 1017 3558 iuter
1033 3501 1161 3557 mortales

223 3591 258 3645 H.
277 3595 305 3646 et
320 3591 352 3645 P.
377 3589 452 3660 quod
468 3590 521 3643 erit
538 3590 688 3644 maximum
769 3589 791 3622 ¹⁷
808 3587 879 3642 Edd.
898 3602 986 3643 uanos
1002 3592 1029 3641 et
1039 3587 1138 3659 plures

239 3675 314 3730 Inter
344 3674 461 3730 athletae
483 3678 510 3729 et
534 3675 561 3728 st
585 3674 687 3728 corasr'd.
768 3673 791 3705 ¹⁸
807 3673 840 3726 A.
858 3677 889 3725 ut
906 3670 1018 3726 Seruius
1034 3671 1122 3741 refert

223 3760 455 3829 conjunctionem,
487 3774 567 3826 quam
593 3773 689 3813 sensus
825 3757 856 3810 F.
874 3757 959 3810 armis
976 3756 1132 3810 tractaverit

224 3844 418 3915 quodammodo
440 3842 595 3897 desiderare
617 3842 688 3897 vidc-
769 3841 792 3874 ¹⁹
807 3841 877 3895 Edd.
896 3846 979 3895 totam
996 3840 1089 3893 Asiam
1114 3869 1147 3879 —
1171 3840 1205 3896 H.
1222 3840 1272 3894 As·

224 3935 282 3995 tur,
308 3928 403 3983 inserit
419 3927 520 3982 Fratic.
562 3926 615 3982 Sed
632 3926 688 3981 suf-
721 3923 722 3927 ’
807 3927 911 3997 syriam
929 3930 1012 3979 totam

223 4013 280 4069 ficit
305 4013 421 4068 alterum
447 4018 473 4067 et
499 4011 688 4066 intercessit.
766 4012 785 4044 ²¹
803 4011 836 4063 A.
854 4010 888 4063 H.
907 4010 940 4063 V.
958 4008 1112 4063 memoriam
1128 4007 1199 4078 serit

225 4165 297 4235 (inp.
315 4163 372 4219 IX.
417 4164 458 4217 ⁰?
563 4164 584 4196 ¹⁸
602 4163 721 4219 ansrus
743 4162 845 4218 Hister.
871 4160 892 4213 I.
911 4166 935 4215 4.
1038 4161 1061 4193 ²¹
1080 4159 1161 4214 Ovrn.
1184 4159 1272 4215 Meta·

155 4235 260 4305 morph.
277 4233 324 4288 IV.
343 4237 385 4286 58.
463 4232 487 4265 ²³
503 4231 606 4287 ibidem
623 4248 646 4286 v.
668 4235 708 4285 88.
956 4259 960 4269 -
