2940 4808
486 309 771 366 Pacuuuouuun.
1126 315 1189 370 XLI

166 482 203 554 lo
223 481 386 573 Convivia,
406 483 438 553 in
466 483 558 556 libris
577 484 755 580 deruiguri
774 485 967 583 eloquentia,
985 488 1019 559 in
1040 488 1185 584 epistolis

66 609 132 682 fere
168 611 337 701 omnibus,
371 610 404 681 in
433 609 661 701 Cantionibus,
695 610 728 681 in
757 612 826 708 ipsa
853 611 1030 686 Comoedia
1066 616 1183 688 iterum

65 736 248 832 iterumque
282 737 492 832 conqueritur
517 737 638 808 Dantes
671 737 711 808 dc
745 737 883 833 injusto,
916 742 1000 838 quod
1029 745 1186 839 perpetie-

64 861 176 954 batur,
210 862 315 934 exilio.
369 863 405 934 ln
435 863 504 935 Vita
541 888 623 935 nova
657 873 689 936 at
722 865 756 936 io
783 865 970 939 Monarcbia
997 869 1074 940 solis
1101 871 1185 943 inter

66 1014 163 1088 opera
189 991 330 1062 auctoris
352 993 456 1062 nostri
481 992 582 1063 altum
601 991 641 1062 de
656 992 753 1064 exilio
781 993 957 1086 silentium,
976 993 1067 1089 cujus
1093 998 1185 1090 ratio,

65 1117 125 1188 oisi
161 1126 335 1212 utrumque
370 1117 460 1213 prius
493 1142 590 1213 quam
624 1118 730 1191 solum
758 1132 883 1193 vertere
916 1132 1046 1194 coactus
1080 1123 1186 1195 suerat

62 1241 184 1315 bantcs
211 1244 391 1339 composita
418 1267 489 1314 esse
517 1245 673 1338 dicamuS,
691 1245 743 1317 vix
769 1248 830 1319 erit
855 1247 1030 1320 reddenda.

165 1371 230 1443 Sed
257 1371 352 1442 altius
380 1372 441 1442 erit
467 1372 687 1445 redeundum:
717 1373 953 1446 Gravissimum
980 1378 1183 1470 arrogantiae

57 1495 187 1594 Papaiis
206 1498 452 1592 documentum,
480 1501 566 1573 bulla
584 1501 711 1592 „Unam
731 1505 906 1593 sanctam“,
932 1503 1182 1575 renuntiabatur

55 1625 91 1696 in
110 1623 259 1697 Concilio
280 1625 429 1698 Romano
456 1652 569 1700 mense
588 1629 763 1701 Novembri
791 1627 868 1700 anni
890 1629 1011 1720 1302,
1036 1627 1182 1723 ejusdcm

52 1752 149 1843 anni,
176 1776 240 1848 quo
269 1753 399 1845 Dantes,
426 1754 585 1850 legatione
611 1755 636 1827 F
640 1757 879 1829 lorentioorum
909 1758 948 1828 ad
976 1755 1180 1829 bonifacium

52 1880 202 1970 Iunctus,
230 1880 270 1951 de
286 1879 390 1951 Roma
418 1882 618 1954 discesserat.
658 1883 746 1955 Fieri
774 1907 840 1955 non
866 1884 1075 1980 potuit,quin
1102 1885 1182 1957 haec

52 2005 145 2078 bulla
165 2006 355 2078 brevissimo
386 2017 531 2105 tempore
559 2010 720 2106 integram
747 2011 920 2105 exagitaret
945 2007 1181 2109 Europam,4²)

52 2143 88 2204 ct
117 2132 203 2203 inter
230 2133 271 2204 itu
288 2145 472 2206 commotos
490 2145 602 2209 auctor
620 2147 731 2210 noster
747 2147 833 2207 certe
861 2159 927 2207 non
955 2136 1017 2207 Iuit
1033 2136 1179 2209 adtimus.

52 2259 176 2333 Nullus
203 2261 335 2356 quidem
367 2261 490 2354 dubito,
516 2263 665 2356 Dantem,
691 2265 787 2335 etiam
816 2272 928 2334 contra
955 2264 1178 2335 auctoritatem
1223 2324 1225 2329 ⁴
1277 2284 1284 2291 ’

54 2388 180 2460 summi
208 2386 385 2479 Pontificis,
418 2414 457 2460 ax
484 2391 634 2462 cathedra
662 2392 797 2487 loquuti,
831 2393 968 2464 veritum
998 2414 1063 2461 non
1100 2415 1181 2482 esse,

55 2516 254 2586 contrariam
292 2517 485 2588 sententiam
520 2518 680 2614 profiteri,
716 2519 959 2615 rationibusque
994 2518 1179 2610 defendere,

56 2642 143 2737 quod
164 2655 250 2713 certa
276 2645 372 2715 etiam
400 2645 631 2740 praetermisso
656 2646 736 2716 tanti
755 2646 928 2717 adversarii
948 2646 1082 2717 nominc
1108 2646 1177 2717 lieri
1223 2629 1225 2635 ¹

56 2778 198 2865 potarat,
238 2768 307 2863 ejus
334 2782 441 2843 tamen
476 2772 538 2843 Iuit
569 2772 723 2842 adversus
762 2796 931 2869 supremas
959 2771 1063 2843 claves
1089 2796 1178 2843 rava·

57 2896 200 2986 rentiae,
235 2907 271 2967 ut
297 2909 487 2992 argumenta
514 2925 532 2971 a
559 2899 644 2970 Petri
671 2923 860 2970 successore
893 2923 952 2995 pro
979 2923 1014 2970 sc
1040 2898 1176 2970 adducta

58 3023 187 3096 silentio
205 3025 391 3119 praeterire,
409 3025 457 3096 vel
475 3027 508 3096 in
529 3027 713 3123 oppositum
733 3026 832 3097 finem
852 3025 1055 3121 detorquere,
1079 3050 1177 3097 ansus

58 3160 143 3221 certe
164 3174 230 3221 oon
249 3152 373 3223 fuisset.
416 3152 486 3224 Hoc
505 3164 633 3243 tamen,
651 3153 813 3225 sibullam
834 3176 909 3223 cum
929 3152 1023 3224 tertio
1050 3151 1093 3225 de
1109 3152 1177 3223 Mo·

58 3277 188 3348 narcbia
207 3257 289 3348 libro
309 3281 548 3375 componimus
566 3281 686 3352 sactum
715 3304 789 3352 csse
804 3281 961 3370 videmus
979 3289 1015 3351 ut
1036 3304 1176 3376 sequens

56 3405 161 3477 tabula
190 3404 307 3475 clarius
334 3406 499 3477 ostendet:

55 3523 259 3533 --———-—

55 3551 172 3606 Pulchro
190 3552 306 3620 prolata,
323 3551 421 3607 fortius
438 3554 518 3609 etiam
537 3571 588 3623 pro
604 3555 772 3625 Imperatore
790 3558 903 3616 certare,
921 3557 950 3608 at
966 3553 1030 3608 ideo
1048 3567 1174 3620 magnam

54 3651 160 3713 partem
187 3646 316 3725 inopere
333 3651 427 3701 nostro
450 3663 597 3715 recurrere,
615 3655 681 3705 nota
702 3664 747 3704 reu
771 3653 821 3702 est.
859 3647 976 3701 Easdem
1001 3646 1036 3701 ob
1054 3648 1175 3701 rationes

54 3744 244 3806 argumentum
268 3743 391 3794 nostrum
415 3754 432 3793 a
454 3740 529 3795 bulla
550 3741 651 3804 „Unam
670 3746 808 3797 sanctam‘
827 3739 948 3795 inlibris
966 3740 1001 3793 de
1018 3738 1175 3792 Monarchia

54 3845 167 3899 promus
185 3831 311 3900 neglecta
333 3833 501 3898 desumtum,
522 3849 556 3889 eo
574 3851 629 3888 oon
652 3835 833 3892 labefactetur
855 3833 929 3903 quod
947 3825 1106 3888 constitutio
1129 3832 1174 3886 ilia

54 3924 208 3981 immediate
226 3927 334 3995 quidem
352 3926 414 3980 lites
423 3922 565 3982 Pontificio
582 3942 643 3982 eum
657 3928 736 3997 Rege
753 3929 918 3982 Francorum
937 3925 1073 3994 respiciat.
1103 3925 1173 3980 Pro-

54 4015 126 4074 fecto
142 4019 199 4090 jam
218 4035 235 4073 a
252 4020 422 4089 synchronis,
439 4020 477 4075 ibi
495 4019 666 4089 dePhilippo
684 4021 757 4075 dicta
774 4019 854 4074 etiam
873 4019 908 4074 de
917 4018 1092 4086 Imperatore,
1109 4032 1173 4072 cae-

56 4112 173 4182 terisque
192 4112 363 4181 Principibus
381 4113 539 4181 acoipienda
557 4129 626 4180 csse,
645 4130 700 4169 uon
718 4113 902 4168 dubitabatur.

137 4205 169 4272 ⁴²)
189 4203 276 4260 Toum
291 4206 384 4262 Storc'o
402 4207 432 4262 di
449 4207 598 4277 Bonc'foze'o
614 4207 695 4263 VIII.
714 4227 740 4277 p.
759 4212 818 4264 306.
