<?xml version="1.0" encoding="UTF-8"?>
<!DOCTYPE html PUBLIC "-//W3C//DTD XHTML 1.0 Transitional//EN"
    "http://www.w3.org/TR/xhtml1/DTD/xhtml1-transitional.dtd">
<html xmlns="http://www.w3.org/1999/xhtml" xml:lang="en" lang="en">
 <head>
  <title>
</title>
<meta http-equiv="Content-Type" content="text/html;charset=utf-8" />
  <meta name='ocr-system' content='tesseract 3.04.00' />
  <meta name='ocr-capabilities' content='ocr_page ocr_carea ocr_par ocr_line ocrx_word'/>
</head>
<body>
  <div class='ocr_page' id='page_1' title='image "./dantisalligheri00wittgoog/dantisalligheri00wittgoog_0105.png"; bbox 0 0 2940 4808; ppageno 0'>
   <div class='ocr_carea' id='block_1_1' title="bbox 200 319 1115 391">
    <p class='ocr_par' dir='ltr' id='par_1_1' title="bbox 200 319 1115 391">
     <span class='ocr_line' id='line_1_1' title="bbox 200 319 1115 391; baseline -0.005 -10"><span class='ocrx_word' id='word_1_1' title='bbox 200 319 238 381; x_wconf 83' lang='lat'>12</span> <span class='ocrx_word' id='word_1_2' title='bbox 444 323 579 378; x_wconf 76' lang='lat' dir='ltr'>DANTIS</span> <span class='ocrx_word' id='word_1_3' title='bbox 597 323 815 379; x_wconf 79' lang='lat' dir='ltr'><strong>MONARCHIA</strong></span> <span class='ocrx_word' id='word_1_4' title='bbox 833 325 853 378; x_wconf 93' lang='lat'>1.</span> <span class='ocrx_word' id='word_1_5' title='bbox 872 325 901 380; x_wconf 87' lang='lat' dir='ltr'>c.</span> <span class='ocrx_word' id='word_1_6' title='bbox 920 329 944 379; x_wconf 82' lang='lat'>5.</span> <span class='ocrx_word' id='word_1_7' title='bbox 963 329 1008 390; x_wconf 73' lang='lat' dir='ltr'>(r),</span> <span class='ocrx_word' id='word_1_8' title='bbox 1027 330 1051 378; x_wconf 87' lang='lat' dir='ltr'>e.</span> <span class='ocrx_word' id='word_1_9' title='bbox 1072 330 1115 391; x_wconf 72' lang='lat' dir='ltr'>(a).</span> 
     </span>
    </p>
   </div>
   <div class='ocr_carea' id='block_1_2' title="bbox 149 495 1325 2616">
    <p class='ocr_par' dir='ltr' id='par_1_2' title="bbox 149 495 1325 2616">
     <span class='ocr_line' id='line_1_2' title="bbox 198 495 1324 581; baseline 0.004 -21"><span class='ocrx_word' id='word_1_10' title='bbox 198 495 374 579; x_wconf 86' lang='lat' dir='ltr'>auxiliatio,</span> <span class='ocrx_word' id='word_1_11' title='bbox 397 513 493 559; x_wconf 93' lang='lat' dir='ltr'>unum</span> <span class='ocrx_word' id='word_1_12' title='bbox 516 501 640 580; x_wconf 82' lang='lat' dir='ltr'>oportet</span> <span class='ocrx_word' id='word_1_13' title='bbox 662 516 732 562; x_wconf 90' lang='lat' dir='ltr'>esse</span> <span class='ocrx_word' id='word_1_14' title='bbox 747 496 881 562; x_wconf 90' lang='lat' dir='ltr'>aliorum</span> <span class='ocrx_word' id='word_1_15' title='bbox 895 498 1118 581; x_wconf 83' lang='lat' dir='ltr'>regulatorem,</span> <span class='ocrx_word' id='word_1_16' title='bbox 1143 499 1196 565; x_wconf 87' lang='lat' dir='ltr'>vel</span> <span class='ocrx_word' id='word_1_17' title='bbox 1212 497 1324 565; x_wconf 87' lang='lat' dir='ltr'>datum</span> 
     </span>
     <span class='ocr_line' id='line_1_3' title="bbox 198 597 1321 686; baseline 0.003 -23"><span class='ocrx_word' id='word_1_18' title='bbox 198 599 240 664; x_wconf 88' lang='lat' dir='ltr'>ab</span> <span class='ocrx_word' id='word_1_19' title='bbox 262 597 342 680; x_wconf 87' lang='lat' dir='ltr'>alio,</span> <span class='ocrx_word' id='word_1_20' title='bbox 372 598 425 662; x_wconf 89' lang='lat' dir='ltr'>vel</span> <span class='ocrx_word' id='word_1_21' title='bbox 448 616 489 663; x_wconf 87' lang='lat' dir='ltr'>ex</span> <span class='ocrx_word' id='word_1_22' title='bbox 509 597 589 680; x_wconf 86' lang='lat' dir='ltr'>ipsis</span> <span class='ocrx_word' id='word_1_23' title='bbox 615 597 899 682; x_wconf 81' lang='lat' dir='ltr'>praeeminentem,</span> <span class='ocrx_word' id='word_1_24' title='bbox 930 599 1198 665; x_wconf 77' lang='lat' dir='ltr'>consentientibus</span> <span class='ocrx_word' id='word_1_25' title='bbox 1229 601 1321 686; x_wconf 84' lang='lat' dir='ltr'>aliis;</span> 
     </span>
     <span class='ocr_line' id='line_1_4' title="bbox 149 698 1323 786; baseline 0.003 -21"><span class='ocrx_word' id='word_1_26' title='bbox 149 700 294 766; x_wconf 71' lang='lat' dir='ltr'>realiter</span> <span class='ocrx_word' id='word_1_27' title='bbox 315 698 358 763; x_wconf 93' lang='lat' dir='ltr'>ad</span> <span class='ocrx_word' id='word_1_28' title='bbox 378 699 468 764; x_wconf 87' lang='lat' dir='ltr'>illam</span> <span class='ocrx_word' id='word_1_29' title='bbox 490 705 632 763; x_wconf 87' lang='lat' dir='ltr'>mutuam</span> <span class='ocrx_word' id='word_1_30' title='bbox 654 699 874 767; x_wconf 88' lang='lat' dir='ltr'>sufficientiam</span> <span class='ocrx_word' id='word_1_31' title='bbox 895 721 959 768; x_wconf 93' lang='lat' dir='ltr'>non</span> <span class='ocrx_word' id='word_1_32' title='bbox 982 701 1084 766; x_wconf 92' lang='lat' dir='ltr'>solum</span> <span class='ocrx_word' id='word_1_33' title='bbox 1112 721 1175 767; x_wconf 95' lang='lat' dir='ltr'>non</span> <span class='ocrx_word' id='word_1_34' title='bbox 1203 703 1323 786; x_wconf 89' lang='lat' dir='ltr'>pertin-</span> 
     </span>
     <span class='ocr_line' id='line_1_5' title="bbox 199 799 1325 887; baseline 0.004 -21"><span class='ocrx_word' id='word_1_35' title='bbox 199 803 291 886; x_wconf 82' lang='lat' dir='ltr'>gitur,</span> <span class='ocrx_word' id='word_1_36' title='bbox 315 799 380 884; x_wconf 90' lang='lat' dir='ltr'>sed,</span> <span class='ocrx_word' id='word_1_37' title='bbox 404 799 577 882; x_wconf 86' lang='lat' dir='ltr'>aliquando</span> <span class='ocrx_word' id='word_1_38' title='bbox 599 801 743 886; x_wconf 90' lang='lat' dir='ltr'>pluribus</span> <span class='ocrx_word' id='word_1_39' title='bbox 757 802 974 886; x_wconf 85' lang='lat' dir='ltr'>praeeminere</span> <span class='ocrx_word' id='word_1_40' title='bbox 992 802 1181 887; x_wconf 86' lang='lat' dir='ltr'>volentibus,</span> <span class='ocrx_word' id='word_1_41' title='bbox 1205 804 1325 870; x_wconf 83' lang='lat' dir='ltr'>ricinia</span> 
     </span>
     <span class='ocr_line' id='line_1_6' title="bbox 199 901 1324 988; baseline 0.003 -18"><span class='ocrx_word' id='word_1_42' title='bbox 199 910 267 972; x_wconf 88' lang='lat' dir='ltr'>tota</span> <span class='ocrx_word' id='word_1_43' title='bbox 289 901 468 969; x_wconf 84' lang='lat' dir='ltr'>destruitur.</span> <span class='ocrx_word' id='word_1_44' title='bbox 508 903 542 968; x_wconf 83' lang='lat' dir='ltr'>si</span> <span class='ocrx_word' id='word_1_45' title='bbox 564 924 641 969; x_wconf 84' lang='lat' dir='ltr'>vero</span> <span class='ocrx_word' id='word_1_46' title='bbox 663 922 758 967; x_wconf 88' lang='lat' dir='ltr'>unam</span> <span class='ocrx_word' id='word_1_47' title='bbox 781 902 942 968; x_wconf 87' lang='lat' dir='ltr'>civitatem</span> <span class='ocrx_word' id='word_1_48' title='bbox 965 902 1210 988; x_wconf 79' lang='lat' dir='ltr'>consideremus,</span> <span class='ocrx_word' id='word_1_49' title='bbox 1235 907 1324 973; x_wconf 91' lang='lat' dir='ltr'>cuius</span> 
     </span>
     <span class='ocr_line' id='line_1_7' title="bbox 199 1004 1323 1089; baseline 0.004 -18"><span class='ocrx_word' id='word_1_50' title='bbox 199 1006 270 1071; x_wconf 89' lang='lat' dir='ltr'>finis</span> <span class='ocrx_word' id='word_1_51' title='bbox 301 1010 350 1072; x_wconf 93' lang='lat' dir='ltr'>est</span> <span class='ocrx_word' id='word_1_52' title='bbox 383 1005 463 1070; x_wconf 91' lang='lat' dir='ltr'>bene</span> <span class='ocrx_word' id='word_1_53' title='bbox 501 1004 754 1086; x_wconf 84' lang='lat' dir='ltr'>sufficienterque</span> <span class='ocrx_word' id='word_1_54' title='bbox 791 1005 917 1087; x_wconf 85' lang='lat' dir='ltr'>vivere,</span> <span class='ocrx_word' id='word_1_55' title='bbox 954 1024 1051 1069; x_wconf 92' lang='lat' dir='ltr'>unum</span> <span class='ocrx_word' id='word_1_56' title='bbox 1088 1012 1213 1089; x_wconf 86' lang='lat' dir='ltr'>oportet</span> <span class='ocrx_word' id='word_1_57' title='bbox 1251 1028 1323 1075; x_wconf 88' lang='lat' dir='ltr'>esse</span> 
     </span>
     <span class='ocr_line' id='line_1_8' title="bbox 199 1106 1324 1191; baseline 0.001 -18"><span class='ocrx_word' id='word_1_58' title='bbox 199 1107 354 1190; x_wconf 72' lang='lat' dir='ltr'>regimem</span> <span class='ocrx_word' id='word_1_59' title='bbox 384 1111 416 1174; x_wconf 93' lang='lat' dir='ltr'>et</span> <span class='ocrx_word' id='word_1_60' title='bbox 443 1106 505 1173; x_wconf 91' lang='lat' dir='ltr'>hoc</span> <span class='ocrx_word' id='word_1_61' title='bbox 532 1126 595 1172; x_wconf 94' lang='lat' dir='ltr'>non</span> <span class='ocrx_word' id='word_1_62' title='bbox 624 1108 726 1172; x_wconf 93' lang='lat' dir='ltr'>solum</span> <span class='ocrx_word' id='word_1_63' title='bbox 754 1106 788 1170; x_wconf 92' lang='lat' dir='ltr'>in</span> <span class='ocrx_word' id='word_1_64' title='bbox 815 1112 903 1172; x_wconf 89' lang='lat' dir='ltr'>recta</span> <span class='ocrx_word' id='word_1_65' title='bbox 924 1106 1054 1191; x_wconf 88' lang='lat' dir='ltr'>politia,</span> <span class='ocrx_word' id='word_1_66' title='bbox 1084 1106 1141 1173; x_wconf 90' lang='lat' dir='ltr'>sed</span> <span class='ocrx_word' id='word_1_67' title='bbox 1171 1108 1269 1173; x_wconf 92' lang='lat' dir='ltr'>etiam</span> <span class='ocrx_word' id='word_1_68' title='bbox 1290 1108 1324 1174; x_wconf 90' lang='lat' dir='ltr'>in</span> 
     </span>
     <span class='ocr_line' id='line_1_9' title="bbox 149 1206 1324 1291; baseline 0.001 -15"><span class='ocrx_word' id='word_1_69' title='bbox 149 1226 180 1275; x_wconf 79' lang='lat'>35</span> <span class='ocrx_word' id='word_1_70' title='bbox 201 1209 340 1289; x_wconf 87' lang='lat' dir='ltr'>obliqua.</span> <span class='ocrx_word' id='word_1_71' title='bbox 384 1206 477 1287; x_wconf 81' lang='lat' dir='ltr'>Quod</span> <span class='ocrx_word' id='word_1_72' title='bbox 506 1208 534 1273; x_wconf 91' lang='lat' dir='ltr'>si</span> <span class='ocrx_word' id='word_1_73' title='bbox 562 1209 655 1275; x_wconf 93' lang='lat' dir='ltr'>aliter</span> <span class='ocrx_word' id='word_1_74' title='bbox 683 1207 753 1291; x_wconf 87' lang='lat' dir='ltr'>fiat,</span> <span class='ocrx_word' id='word_1_75' title='bbox 782 1228 846 1274; x_wconf 95' lang='lat' dir='ltr'>non</span> <span class='ocrx_word' id='word_1_76' title='bbox 873 1208 975 1273; x_wconf 88' lang='lat' dir='ltr'>solum</span> <span class='ocrx_word' id='word_1_77' title='bbox 1005 1207 1076 1272; x_wconf 92' lang='lat' dir='ltr'>finis</span> <span class='ocrx_word' id='word_1_78' title='bbox 1104 1209 1191 1275; x_wconf 84' lang='lat' dir='ltr'>vitae</span> <span class='ocrx_word' id='word_1_79' title='bbox 1220 1211 1324 1276; x_wconf 91' lang='lat' dir='ltr'>civilis</span> 
     </span>
     <span class='ocr_line' id='line_1_10' title="bbox 201 1308 1324 1394; baseline 0.003 -18"><span class='ocrx_word' id='word_1_80' title='bbox 201 1310 365 1392; x_wconf 89' lang='lat' dir='ltr'>amittitur,</span> <span class='ocrx_word' id='word_1_81' title='bbox 389 1308 446 1376; x_wconf 90' lang='lat' dir='ltr'>sed</span> <span class='ocrx_word' id='word_1_82' title='bbox 464 1310 560 1376; x_wconf 89' lang='lat' dir='ltr'>etiam</span> <span class='ocrx_word' id='word_1_83' title='bbox 577 1310 690 1375; x_wconf 85' lang='lat' dir='ltr'>civitae</span> <span class='ocrx_word' id='word_1_84' title='bbox 706 1309 822 1376; x_wconf 89' lang='lat' dir='ltr'>desinit</span> <span class='ocrx_word' id='word_1_85' title='bbox 838 1328 908 1376; x_wconf 89' lang='lat' dir='ltr'>esse</span> <span class='ocrx_word' id='word_1_86' title='bbox 924 1308 1010 1390; x_wconf 90' lang='lat' dir='ltr'>quod</span> <span class='ocrx_word' id='word_1_87' title='bbox 1026 1316 1102 1376; x_wconf 90' lang='lat' dir='ltr'>erat.</span> <span class='ocrx_word' id='word_1_88' title='bbox 1134 1311 1169 1376; x_wconf 80' lang='lat' dir='ltr'>Si</span> <span class='ocrx_word' id='word_1_89' title='bbox 1185 1310 1324 1394; x_wconf 90' lang='lat' dir='ltr'>denique</span> 
     </span>
     <span class='ocr_line' id='line_1_11' title="bbox 199 1411 1323 1496; baseline 0.001 -19"><span class='ocrx_word' id='word_1_90' title='bbox 199 1433 296 1477; x_wconf 95' lang='lat' dir='ltr'>unum</span> <span class='ocrx_word' id='word_1_91' title='bbox 317 1429 450 1492; x_wconf 82' lang='lat' dir='ltr'>regnum</span> <span class='ocrx_word' id='word_1_92' title='bbox 471 1412 673 1495; x_wconf 76' lang='lat' dir='ltr'>particulare,</span> <span class='ocrx_word' id='word_1_93' title='bbox 697 1413 784 1477; x_wconf 89' lang='lat' dir='ltr'>cuius</span> <span class='ocrx_word' id='word_1_94' title='bbox 805 1411 877 1477; x_wconf 89' lang='lat' dir='ltr'>finis</span> <span class='ocrx_word' id='word_1_95' title='bbox 899 1417 948 1477; x_wconf 89' lang='lat' dir='ltr'>est</span> <span class='ocrx_word' id='word_1_96' title='bbox 965 1411 993 1475; x_wconf 89' lang='lat' dir='ltr'>is</span> <span class='ocrx_word' id='word_1_97' title='bbox 1010 1412 1064 1492; x_wconf 91' lang='lat' dir='ltr'>qui</span> <span class='ocrx_word' id='word_1_98' title='bbox 1079 1412 1229 1496; x_wconf 70' lang='lat' dir='ltr'>ciuitatis,</span> <span class='ocrx_word' id='word_1_99' title='bbox 1253 1432 1323 1479; x_wconf 92' lang='lat' dir='ltr'>cum</span> 
     </span>
     <span class='ocr_line' id='line_1_12' title="bbox 200 1512 1323 1599; baseline 0 -20"><span class='ocrx_word' id='word_1_100' title='bbox 200 1514 321 1580; x_wconf 88' lang='lat' dir='ltr'>maiore</span> <span class='ocrx_word' id='word_1_101' title='bbox 342 1512 459 1578; x_wconf 88' lang='lat' dir='ltr'>fiducia</span> <span class='ocrx_word' id='word_1_102' title='bbox 481 1532 557 1579; x_wconf 89' lang='lat' dir='ltr'>suae</span> <span class='ocrx_word' id='word_1_103' title='bbox 578 1514 825 1597; x_wconf 88' lang='lat' dir='ltr'>tranquillitatis,</span> <span class='ocrx_word' id='word_1_104' title='bbox 849 1517 974 1598; x_wconf 90' lang='lat' dir='ltr'>oportet</span> <span class='ocrx_word' id='word_1_105' title='bbox 990 1532 1060 1580; x_wconf 90' lang='lat' dir='ltr'>esse</span> <span class='ocrx_word' id='word_1_106' title='bbox 1073 1515 1196 1597; x_wconf 81' lang='lat' dir='ltr'>Regem</span> <span class='ocrx_word' id='word_1_107' title='bbox 1218 1534 1323 1599; x_wconf 91' lang='lat' dir='ltr'>unum,</span> 
     </span>
     <span class='ocr_line' id='line_1_13' title="bbox 201 1614 1323 1699; baseline 0.004 -20"><span class='ocrx_word' id='word_1_108' title='bbox 201 1615 255 1698; x_wconf 90' lang='lat' dir='ltr'>qui</span> <span class='ocrx_word' id='word_1_109' title='bbox 269 1620 360 1696; x_wconf 81' lang='lat' dir='ltr'>regat</span> <span class='ocrx_word' id='word_1_110' title='bbox 375 1620 470 1696; x_wconf 89' lang='lat' dir='ltr'>atque</span> <span class='ocrx_word' id='word_1_111' title='bbox 485 1616 653 1698; x_wconf 79' lang='lat' dir='ltr'>gubemet3</span> <span class='ocrx_word' id='word_1_112' title='bbox 677 1616 771 1681; x_wconf 87' lang='lat' dir='ltr'>aliter</span> <span class='ocrx_word' id='word_1_113' title='bbox 792 1636 856 1681; x_wconf 95' lang='lat' dir='ltr'>non</span> <span class='ocrx_word' id='word_1_114' title='bbox 877 1615 972 1683; x_wconf 94' lang='lat' dir='ltr'>modo</span> <span class='ocrx_word' id='word_1_115' title='bbox 989 1614 1161 1683; x_wconf 83' lang='lat' dir='ltr'>existentes</span> <span class='ocrx_word' id='word_1_116' title='bbox 1175 1616 1210 1681; x_wconf 94' lang='lat' dir='ltr'>in</span> <span class='ocrx_word' id='word_1_117' title='bbox 1224 1635 1323 1699; x_wconf 83' lang='lat' dir='ltr'>regno</span> 
     </span>
     <span class='ocr_line' id='line_1_14' title="bbox 149 1715 1323 1800; baseline 0.003 -17"><span class='ocrx_word' id='word_1_118' title='bbox 149 1735 183 1783; x_wconf 83' lang='lat' dir='ltr'>to</span> <span class='ocrx_word' id='word_1_119' title='bbox 199 1716 296 1782; x_wconf 89' lang='lat' dir='ltr'>finem</span> <span class='ocrx_word' id='word_1_120' title='bbox 313 1737 377 1782; x_wconf 94' lang='lat' dir='ltr'>non</span> <span class='ocrx_word' id='word_1_121' title='bbox 392 1716 616 1800; x_wconf 87' lang='lat' dir='ltr'>adsequuntur,</span> <span class='ocrx_word' id='word_1_122' title='bbox 640 1715 698 1781; x_wconf 90' lang='lat' dir='ltr'>sed</span> <span class='ocrx_word' id='word_1_123' title='bbox 713 1717 809 1783; x_wconf 92' lang='lat' dir='ltr'>etiam</span> <span class='ocrx_word' id='word_1_124' title='bbox 824 1736 956 1799; x_wconf 83' lang='lat' dir='ltr'>regnum</span> <span class='ocrx_word' id='word_1_125' title='bbox 970 1718 1005 1782; x_wconf 95' lang='lat' dir='ltr'>in</span> <span class='ocrx_word' id='word_1_126' title='bbox 1018 1718 1181 1784; x_wconf 90' lang='lat' dir='ltr'>interitum</span> <span class='ocrx_word' id='word_1_127' title='bbox 1196 1719 1323 1786; x_wconf 65' lang='lat' dir='ltr'>labitur,</span> 
     </span>
     <span class='ocr_line' id='line_1_15' title="bbox 200 1816 1323 1903; baseline 0.001 -18"><span class='ocrx_word' id='word_1_128' title='bbox 200 1819 291 1885; x_wconf 83' lang='lat' dir='ltr'>iuxta</span> <span class='ocrx_word' id='word_1_129' title='bbox 313 1816 394 1882; x_wconf 88' lang='lat' dir='ltr'>illud</span> <span class='ocrx_word' id='word_1_130' title='bbox 415 1818 595 1883; x_wconf 83' lang='lat' dir='ltr'>infallibilis</span> <span class='ocrx_word' id='word_1_131' title='bbox 618 1818 776 1885; x_wconf 83' lang='lat' dir='ltr'>veritatis:</span> <span class='ocrx_word' id='word_1_132' title='bbox 798 1818 921 1903; x_wconf 83' lang='lat' dir='ltr'>„Omne</span> <span class='ocrx_word' id='word_1_133' title='bbox 941 1838 1072 1901; x_wconf 83' lang='lat' dir='ltr'>regnum</span> <span class='ocrx_word' id='word_1_134' title='bbox 1087 1820 1169 1886; x_wconf 90' lang='lat' dir='ltr'>inse</span> <span class='ocrx_word' id='word_1_135' title='bbox 1185 1819 1323 1886; x_wconf 89' lang='lat' dir='ltr'>divisum</span> 
     </span>
     <span class='ocr_line' id='line_1_16' title="bbox 201 1919 1325 2006; baseline 0.002 -20"><span class='ocrx_word' id='word_1_136' title='bbox 201 1919 429 1988; x_wconf 85' lang='lat' dir='ltr'>desolabitur.“</span> <span class='ocrx_word' id='word_1_137' title='bbox 460 1920 495 1986; x_wconf 83' lang='lat' dir='ltr'>si</span> <span class='ocrx_word' id='word_1_138' title='bbox 510 1938 585 2001; x_wconf 81' lang='lat' dir='ltr'>ergo</span> <span class='ocrx_word' id='word_1_139' title='bbox 601 1920 647 1985; x_wconf 90' lang='lat' dir='ltr'>sic</span> <span class='ocrx_word' id='word_1_140' title='bbox 661 1940 695 1985; x_wconf 89' lang='lat' dir='ltr'>se</span> <span class='ocrx_word' id='word_1_141' title='bbox 717 1921 815 1988; x_wconf 90' lang='lat' dir='ltr'>habet</span> <span class='ocrx_word' id='word_1_142' title='bbox 836 1922 870 1986; x_wconf 94' lang='lat' dir='ltr'>in</span> <span class='ocrx_word' id='word_1_143' title='bbox 892 1922 962 2004; x_wconf 81' lang='lat' dir='ltr'>his,</span> <span class='ocrx_word' id='word_1_144' title='bbox 974 1927 1006 1989; x_wconf 93' lang='lat' dir='ltr'>et</span> <span class='ocrx_word' id='word_1_145' title='bbox 1019 1922 1053 1986; x_wconf 92' lang='lat' dir='ltr'>in</span> <span class='ocrx_word' id='word_1_146' title='bbox 1074 1922 1217 2006; x_wconf 86' lang='lat' dir='ltr'>singulis,</span> <span class='ocrx_word' id='word_1_147' title='bbox 1242 1941 1325 2004; x_wconf 89' lang='lat' dir='ltr'>quae</span> 
     </span>
     <span class='ocr_line' id='line_1_17' title="bbox 201 2022 1323 2106; baseline 0.002 -18"><span class='ocrx_word' id='word_1_148' title='bbox 201 2022 243 2088; x_wconf 90' lang='lat' dir='ltr'>ad</span> <span class='ocrx_word' id='word_1_149' title='bbox 265 2042 362 2087; x_wconf 94' lang='lat' dir='ltr'>unum</span> <span class='ocrx_word' id='word_1_150' title='bbox 378 2022 509 2104; x_wconf 90' lang='lat' dir='ltr'>aliquod</span> <span class='ocrx_word' id='word_1_151' title='bbox 524 2022 715 2106; x_wconf 90' lang='lat' dir='ltr'>ordinantur,</span> <span class='ocrx_word' id='word_1_152' title='bbox 739 2043 849 2089; x_wconf 90' lang='lat' dir='ltr'>verum</span> <span class='ocrx_word' id='word_1_153' title='bbox 864 2029 913 2088; x_wconf 90' lang='lat' dir='ltr'>est</span> <span class='ocrx_word' id='word_1_154' title='bbox 928 2022 1014 2105; x_wconf 90' lang='lat' dir='ltr'>quod</span> <span class='ocrx_word' id='word_1_155' title='bbox 1029 2023 1204 2088; x_wconf 90' lang='lat' dir='ltr'>adsumitur</span> <span class='ocrx_word' id='word_1_156' title='bbox 1219 2042 1323 2106; x_wconf 87' lang='lat' dir='ltr'>supra.</span> 
     </span>
     <span class='ocr_line' id='line_1_18' title="bbox 285 2122 1324 2206; baseline 0 -17"><span class='ocrx_word' id='word_1_157' title='bbox 285 2125 378 2189; x_wconf 89' lang='lat' dir='ltr'>Nunc</span> <span class='ocrx_word' id='word_1_158' title='bbox 400 2130 524 2190; x_wconf 90' lang='lat' dir='ltr'>constat</span> <span class='ocrx_word' id='word_1_159' title='bbox 546 2124 630 2206; x_wconf 90' lang='lat' dir='ltr'>qnod</span> <span class='ocrx_word' id='word_1_160' title='bbox 652 2130 753 2191; x_wconf 90' lang='lat' dir='ltr'>totum</span> <span class='ocrx_word' id='word_1_161' title='bbox 775 2125 946 2189; x_wconf 92' lang='lat' dir='ltr'>humanum</span> <span class='ocrx_word' id='word_1_162' title='bbox 968 2143 1068 2206; x_wconf 83' lang='lat' dir='ltr'>genus</span> <span class='ocrx_word' id='word_1_163' title='bbox 1091 2123 1253 2190; x_wconf 88' lang='lat' dir='ltr'>ordinatur</span> <span class='ocrx_word' id='word_1_164' title='bbox 1281 2122 1324 2189; x_wconf 85' lang='lat' dir='ltr'>ad</span> 
     </span>
     <span class='ocr_line' id='line_1_19' title="bbox 151 2226 1323 2310; baseline 0.002 -20"><span class='ocrx_word' id='word_1_165' title='bbox 151 2242 182 2290; x_wconf 78' lang='lat' dir='ltr'>lt</span> <span class='ocrx_word' id='word_1_166' title='bbox 201 2246 314 2308; x_wconf 90' lang='lat' dir='ltr'>unum,</span> <span class='ocrx_word' id='word_1_167' title='bbox 344 2226 470 2290; x_wconf 91' lang='lat' dir='ltr'>utiam</span> <span class='ocrx_word' id='word_1_168' title='bbox 497 2232 736 2308; x_wconf 85' lang='lat' dir='ltr'>praeostensum</span> <span class='ocrx_word' id='word_1_169' title='bbox 762 2226 835 2310; x_wconf 81' lang='lat' dir='ltr'>fuit3</span> <span class='ocrx_word' id='word_1_170' title='bbox 870 2245 944 2308; x_wconf 82' lang='lat' dir='ltr'>ergo</span> <span class='ocrx_word' id='word_1_171' title='bbox 975 2245 1071 2291; x_wconf 93' lang='lat' dir='ltr'>unum</span> <span class='ocrx_word' id='word_1_172' title='bbox 1100 2230 1225 2308; x_wconf 90' lang='lat' dir='ltr'>oportet</span> <span class='ocrx_word' id='word_1_173' title='bbox 1253 2245 1323 2292; x_wconf 90' lang='lat' dir='ltr'>esse</span> 
     </span>
     <span class='ocr_line' id='line_1_20' title="bbox 202 2327 1323 2412; baseline 0 -20"><span class='ocrx_word' id='word_1_174' title='bbox 202 2329 360 2410; x_wconf 75' lang='lat' dir='ltr'>regularis,</span> <span class='ocrx_word' id='word_1_175' title='bbox 384 2327 452 2392; x_wconf 88' lang='lat' dir='ltr'>sive</span> <span class='ocrx_word' id='word_1_176' title='bbox 475 2345 604 2408; x_wconf 86' lang='lat' dir='ltr'>regens:</span> <span class='ocrx_word' id='word_1_177' title='bbox 627 2333 658 2394; x_wconf 91' lang='lat' dir='ltr'>et</span> <span class='ocrx_word' id='word_1_178' title='bbox 679 2329 741 2394; x_wconf 89' lang='lat' dir='ltr'>hoc</span> <span class='ocrx_word' id='word_1_179' title='bbox 762 2328 943 2412; x_wconf 89' lang='lat' dir='ltr'>Monarcha,</span> <span class='ocrx_word' id='word_1_180' title='bbox 970 2328 1039 2395; x_wconf 88' lang='lat' dir='ltr'>sive</span> <span class='ocrx_word' id='word_1_181' title='bbox 1062 2329 1238 2412; x_wconf 87' lang='lat' dir='ltr'>Imperator</span> <span class='ocrx_word' id='word_1_182' title='bbox 1261 2327 1323 2392; x_wconf 89' lang='lat' dir='ltr'>dici</span> 
     </span>
     <span class='ocr_line' id='line_1_21' title="bbox 202 2427 1323 2513; baseline 0.001 -20"><span class='ocrx_word' id='word_1_183' title='bbox 202 2428 307 2495; x_wconf 90' lang='lat' dir='ltr'>debet.</span> <span class='ocrx_word' id='word_1_184' title='bbox 350 2427 392 2491; x_wconf 86' lang='lat' dir='ltr'>Et</span> <span class='ocrx_word' id='word_1_185' title='bbox 414 2428 460 2492; x_wconf 91' lang='lat' dir='ltr'>sic</span> <span class='ocrx_word' id='word_1_186' title='bbox 481 2431 579 2512; x_wconf 89' lang='lat' dir='ltr'>patet,</span> <span class='ocrx_word' id='word_1_187' title='bbox 603 2427 689 2510; x_wconf 89' lang='lat' dir='ltr'>quod</span> <span class='ocrx_word' id='word_1_188' title='bbox 710 2428 753 2493; x_wconf 90' lang='lat' dir='ltr'>ad</span> <span class='ocrx_word' id='word_1_189' title='bbox 775 2431 855 2497; x_wconf 90' lang='lat' dir='ltr'>bene</span> <span class='ocrx_word' id='word_1_190' title='bbox 878 2449 949 2496; x_wconf 91' lang='lat' dir='ltr'>esse</span> <span class='ocrx_word' id='word_1_191' title='bbox 971 2429 1097 2513; x_wconf 92' lang='lat' dir='ltr'>mundi,</span> <span class='ocrx_word' id='word_1_192' title='bbox 1119 2448 1251 2496; x_wconf 88' lang='lat' dir='ltr'>necesse</span> <span class='ocrx_word' id='word_1_193' title='bbox 1275 2433 1323 2496; x_wconf 91' lang='lat' dir='ltr'>est</span> 
     </span>
     <span class='ocr_line' id='line_1_22' title="bbox 200 2528 813 2616; baseline -0.003 -18"><span class='ocrx_word' id='word_1_194' title='bbox 200 2528 419 2598; x_wconf 88' lang='lat' dir='ltr'>Monarchiam</span> <span class='ocrx_word' id='word_1_195' title='bbox 444 2548 524 2613; x_wconf 89' lang='lat' dir='ltr'>esse,</span> <span class='ocrx_word' id='word_1_196' title='bbox 547 2530 617 2597; x_wconf 89' lang='lat' dir='ltr'>sive</span> <span class='ocrx_word' id='word_1_197' title='bbox 633 2530 813 2616; x_wconf 90' lang='lat' dir='ltr'>Imperium.</span> 
     </span>
    </p>
   </div>
   <div class='ocr_carea' id='block_1_3' title="bbox 602 2653 948 2785">
    <p class='ocr_par' dir='ltr' id='par_1_3' title="bbox 602 2653 948 2785">
     <span class='ocr_line' id='line_1_23' title="bbox 602 2653 948 2785; baseline 0.061 -19"><span class='ocrx_word' id='word_1_198' title='bbox 602 2695 723 2785; x_wconf 68' lang='lat' dir='ltr'>[orror</span> <span class='ocrx_word' id='word_1_199' title='bbox 745 2720 789 2767; x_wconf 86' lang='lat' dir='ltr'>v1·</span> <span class='ocrx_word' id='word_1_200' title='bbox 815 2653 948 2785; x_wconf 18' lang='lat' dir='ltr'><strong>(v111.)]*</strong></span> 
     </span>
    </p>
   </div>
   <div class='ocr_carea' id='block_1_4' title="bbox 202 2832 1325 3020">
    <p class='ocr_par' dir='ltr' id='par_1_4' title="bbox 202 2832 1325 3020">
     <span class='ocr_line' id='line_1_24' title="bbox 286 2832 1325 2919; baseline 0.001 -21"><span class='ocrx_word' id='word_1_201' title='bbox 286 2835 327 2898; x_wconf 85' lang='lat' dir='ltr'>Et</span> <span class='ocrx_word' id='word_1_202' title='bbox 349 2834 430 2900; x_wconf 90' lang='lat' dir='ltr'>sicut</span> <span class='ocrx_word' id='word_1_203' title='bbox 452 2855 488 2902; x_wconf 91' lang='lat' dir='ltr'>se</span> <span class='ocrx_word' id='word_1_204' title='bbox 509 2835 607 2900; x_wconf 88' lang='lat' dir='ltr'>habet</span> <span class='ocrx_word' id='word_1_205' title='bbox 628 2855 703 2919; x_wconf 87' lang='lat' dir='ltr'>pars</span> <span class='ocrx_word' id='word_1_206' title='bbox 725 2834 768 2900; x_wconf 94' lang='lat' dir='ltr'>ad</span> <span class='ocrx_word' id='word_1_207' title='bbox 789 2841 905 2918; x_wconf 89' lang='lat' dir='ltr'>totum,</span> <span class='ocrx_word' id='word_1_208' title='bbox 935 2834 981 2900; x_wconf 90' lang='lat' dir='ltr'>sic</span> <span class='ocrx_word' id='word_1_209' title='bbox 1010 2833 1087 2901; x_wconf 91' lang='lat' dir='ltr'>ordo</span> <span class='ocrx_word' id='word_1_210' title='bbox 1113 2834 1259 2919; x_wconf 87' lang='lat' dir='ltr'>partialis</span> <span class='ocrx_word' id='word_1_211' title='bbox 1282 2832 1325 2899; x_wconf 86' lang='lat' dir='ltr'>ad</span> 
     </span>
     <span class='ocr_line' id='line_1_25' title="bbox 202 2934 1322 3020; baseline 0 -19"><span class='ocrx_word' id='word_1_212' title='bbox 202 2937 342 3003; x_wconf 88' lang='lat' dir='ltr'>totalem.</span> <span class='ocrx_word' id='word_1_213' title='bbox 379 2937 458 3002; x_wconf 92' lang='lat' dir='ltr'>Pars</span> <span class='ocrx_word' id='word_1_214' title='bbox 473 2936 516 3001; x_wconf 87' lang='lat' dir='ltr'>ad</span> <span class='ocrx_word' id='word_1_215' title='bbox 530 2942 631 3004; x_wconf 93' lang='lat' dir='ltr'>totum</span> <span class='ocrx_word' id='word_1_216' title='bbox 646 2958 680 3004; x_wconf 92' lang='lat' dir='ltr'>se</span> <span class='ocrx_word' id='word_1_217' title='bbox 696 2939 802 3020; x_wconf 88' lang='lat' dir='ltr'>habet,</span> <span class='ocrx_word' id='word_1_218' title='bbox 826 2938 907 3003; x_wconf 90' lang='lat' dir='ltr'>sicut</span> <span class='ocrx_word' id='word_1_219' title='bbox 928 2934 971 3001; x_wconf 87' lang='lat' dir='ltr'>ad</span> <span class='ocrx_word' id='word_1_220' title='bbox 992 2934 1086 3001; x_wconf 88' lang='lat' dir='ltr'>finem</span> <span class='ocrx_word' id='word_1_221' title='bbox 1109 2939 1142 3000; x_wconf 91' lang='lat' dir='ltr'>et</span> <span class='ocrx_word' id='word_1_222' title='bbox 1160 2936 1322 3018; x_wconf 91' lang='lat' dir='ltr'>optimum.</span> 
     </span>
    </p>
   </div>
   <div class='ocr_carea' id='block_1_5' title="bbox 226 3067 1324 4155">
    <p class='ocr_par' dir='ltr' id='par_1_5' title="bbox 226 3067 1324 4155">
     <span class='ocr_line' id='line_1_26' title="bbox 227 3067 1263 3140; baseline 0 -18"><span class='ocrx_word' id='word_1_223' title='bbox 227 3070 250 3102; x_wconf 85' lang='lat'>²⁸</span> <span class='ocrx_word' id='word_1_224' title='bbox 267 3069 305 3122; x_wconf 92' lang='lat' dir='ltr'>M.</span> <span class='ocrx_word' id='word_1_225' title='bbox 319 3069 435 3123; x_wconf 78' lang='lat' dir='ltr'>aliorum</span> <span class='ocrx_word' id='word_1_226' title='bbox 453 3076 585 3126; x_wconf 86' lang='lat' dir='ltr'>rectorem</span> <span class='ocrx_word' id='word_1_227' title='bbox 814 3071 835 3103; x_wconf 90' lang='lat'>⁴¹</span> <span class='ocrx_word' id='word_1_228' title='bbox 854 3071 886 3124; x_wconf 88' lang='lat' dir='ltr'>L.</span> <span class='ocrx_word' id='word_1_229' title='bbox 906 3071 944 3124; x_wconf 91' lang='lat' dir='ltr'>M.</span> <span class='ocrx_word' id='word_1_230' title='bbox 963 3071 991 3123; x_wconf 84' lang='lat' dir='ltr'>ia</span> <span class='ocrx_word' id='word_1_231' title='bbox 1008 3070 1125 3140; x_wconf 74' lang='lat' dir='ltr'>seipasum</span> <span class='ocrx_word' id='word_1_232' title='bbox 1144 3067 1263 3123; x_wconf 81' lang='lat' dir='ltr'>desolat.</span> 
     </span>
     <span class='ocr_line' id='line_1_27' title="bbox 227 3151 1324 3225; baseline 0.001 -20"><span class='ocrx_word' id='word_1_233' title='bbox 227 3154 251 3187; x_wconf 78' lang='lat'>²⁴</span> <span class='ocrx_word' id='word_1_234' title='bbox 268 3153 300 3206; x_wconf 90' lang='lat' dir='ltr'>V.</span> <span class='ocrx_word' id='word_1_235' title='bbox 319 3169 356 3208; x_wconf 80' lang='lat' dir='ltr'>ex</span> <span class='ocrx_word' id='word_1_236' title='bbox 373 3154 440 3224; x_wconf 80' lang='lat' dir='ltr'>apsis</span> <span class='ocrx_word' id='word_1_237' title='bbox 452 3156 670 3225; x_wconf 79' lang='lat' dir='ltr'>praeminentem</span> <span class='ocrx_word' id='word_1_238' title='bbox 814 3154 838 3188; x_wconf 87' lang='lat'>⁴²</span> <span class='ocrx_word' id='word_1_239' title='bbox 855 3156 887 3210; x_wconf 88' lang='lat' dir='ltr'>L.</span> <span class='ocrx_word' id='word_1_240' title='bbox 905 3156 942 3209; x_wconf 91' lang='lat' dir='ltr'>M.</span> <span class='ocrx_word' id='word_1_241' title='bbox 961 3154 1076 3208; x_wconf 86' lang='lat' dir='ltr'><strong>P.—A.</strong></span> <span class='ocrx_word' id='word_1_242' title='bbox 1094 3153 1127 3207; x_wconf 89' lang='lat' dir='ltr'>V.</span> <span class='ocrx_word' id='word_1_243' title='bbox 1146 3155 1174 3207; x_wconf 89' lang='lat' dir='ltr'>ia</span> <span class='ocrx_word' id='word_1_244' title='bbox 1192 3151 1235 3206; x_wconf 66' lang='lat' dir='ltr'>leri</span> <span class='ocrx_word' id='word_1_245' title='bbox 1252 3153 1324 3217; x_wconf 80' lang='lat' dir='ltr'>etia</span> 
     </span>
     <span class='ocr_line' id='line_1_28' title="bbox 226 3236 1324 3308; baseline -0.001 -17"><span class='ocrx_word' id='word_1_246' title='bbox 226 3240 249 3270; x_wconf 83' lang='lat'>³⁰</span> <span class='ocrx_word' id='word_1_247' title='bbox 268 3237 300 3290; x_wconf 85' lang='lat' dir='ltr'>F.</span> <span class='ocrx_word' id='word_1_248' title='bbox 319 3238 389 3292; x_wconf 81' lang='lat' dir='ltr'>alias</span> <span class='ocrx_word' id='word_1_249' title='bbox 406 3237 534 3293; x_wconf 75' lang='lat' dir='ltr'>atillam</span> <span class='ocrx_word' id='word_1_250' title='bbox 857 3239 1041 3295; x_wconf 84' lang='lat' dir='ltr'>aliis-F.in</span> <span class='ocrx_word' id='word_1_251' title='bbox 1059 3237 1102 3292; x_wconf 82' lang='lat' dir='ltr'>leis</span> <span class='ocrx_word' id='word_1_252' title='bbox 1119 3242 1146 3292; x_wconf 90' lang='lat' dir='ltr'>et</span> <span class='ocrx_word' id='word_1_253' title='bbox 1162 3236 1324 3308; x_wconf 75' lang='lat' dir='ltr'>simpatia-</span> 
     </span>
     <span class='ocr_line' id='line_1_29' title="bbox 228 3320 1322 3394; baseline -0.004 -19"><span class='ocrx_word' id='word_1_254' title='bbox 228 3325 250 3356; x_wconf 85' lang='lat'>³¹</span> <span class='ocrx_word' id='word_1_255' title='bbox 269 3323 301 3376; x_wconf 93' lang='lat' dir='ltr'>H.</span> <span class='ocrx_word' id='word_1_256' title='bbox 320 3323 352 3376; x_wconf 91' lang='lat' dir='ltr'>V.</span> <span class='ocrx_word' id='word_1_257' title='bbox 365 3324 541 3392; x_wconf 84' lang='lat' dir='ltr'>praeminere</span> <span class='ocrx_word' id='word_1_258' title='bbox 558 3325 654 3379; x_wconf 85' lang='lat' dir='ltr'>voleat.</span> <span class='ocrx_word' id='word_1_259' title='bbox 858 3325 891 3379; x_wconf 90' lang='grc' dir='ltr'>Η.</span> <span class='ocrx_word' id='word_1_260' title='bbox 911 3327 939 3379; x_wconf 87' lang='lat' dir='ltr'>ia</span> <span class='ocrx_word' id='word_1_261' title='bbox 957 3323 1000 3378; x_wconf 82' lang='lat' dir='ltr'>leis</span> <span class='ocrx_word' id='word_1_262' title='bbox 1011 3325 1045 3378; x_wconf 78' lang='lat' dir='ltr'>-e&#39;re</span> <span class='ocrx_word' id='word_1_263' title='bbox 1062 3321 1179 3394; x_wconf 72' lang='lat' dir='ltr'>eloquiis</span> <span class='ocrx_word' id='word_1_264' title='bbox 1197 3351 1227 3360; x_wconf 92' lang='lat'>-</span> <span class='ocrx_word' id='word_1_265' title='bbox 1254 3320 1322 3376; x_wconf 86' lang='lat' dir='ltr'>Edd.</span> 
     </span>
     <span class='ocr_line' id='line_1_30' title="bbox 226 3406 1266 3478; baseline -0.003 -16"><span class='ocrx_word' id='word_1_266' title='bbox 226 3409 249 3441; x_wconf 79' lang='lat'>³²</span> <span class='ocrx_word' id='word_1_267' title='bbox 268 3407 468 3462; x_wconf 83' lang='lat' dir='ltr'>consideremus</span> <span class='ocrx_word' id='word_1_268' title='bbox 491 3406 567 3463; x_wconf 88' lang='lat' dir='ltr'>deest</span> <span class='ocrx_word' id='word_1_269' title='bbox 594 3408 623 3463; x_wconf 91' lang='lat' dir='ltr'>in</span> <span class='ocrx_word' id='word_1_270' title='bbox 646 3408 679 3462; x_wconf 83' lang='lat' dir='ltr'>li.</span> <span class='ocrx_word' id='word_1_271' title='bbox 704 3408 736 3462; x_wconf 87' lang='lat' dir='ltr'>L.</span> <span class='ocrx_word' id='word_1_272' title='bbox 856 3412 920 3478; x_wconf 89' lang='lat' dir='ltr'>post</span> <span class='ocrx_word' id='word_1_273' title='bbox 936 3408 1085 3478; x_wconf 89' lang='lat' dir='ltr'>principem</span> <span class='ocrx_word' id='word_1_274' title='bbox 1103 3408 1131 3461; x_wconf 87' lang='lat' dir='ltr'>ia</span> <span class='ocrx_word' id='word_1_275' title='bbox 1148 3406 1266 3477; x_wconf 78' lang='lat' dir='ltr'>stupetis</span> 
     </span>
     <span class='ocr_line' id='line_1_31' title="bbox 270 3490 1235 3565; baseline 0.001 -20"><span class='ocrx_word' id='word_1_276' title='bbox 270 3491 300 3546; x_wconf 92' lang='lat' dir='ltr'>P.</span> <span class='ocrx_word' id='word_1_277' title='bbox 319 3496 346 3546; x_wconf 91' lang='lat' dir='ltr'>et</span> <span class='ocrx_word' id='word_1_278' title='bbox 362 3491 395 3544; x_wconf 91' lang='lat' dir='ltr'>V.</span> <span class='ocrx_word' id='word_1_279' title='bbox 814 3495 838 3529; x_wconf 84' lang='lat'>⁴⁴</span> <span class='ocrx_word' id='word_1_280' title='bbox 854 3494 887 3548; x_wconf 84' lang='lat' dir='ltr'>F.</span> <span class='ocrx_word' id='word_1_281' title='bbox 907 3498 1014 3565; x_wconf 80' lang='lat' dir='ltr'>oportet</span> <span class='ocrx_word' id='word_1_282' title='bbox 1031 3507 1088 3546; x_wconf 80' lang='lat' dir='ltr'>esse</span> <span class='ocrx_word' id='word_1_283' title='bbox 1105 3490 1235 3562; x_wconf 76' lang='lat' dir='ltr'>reputare</span> 
     </span>
     <span class='ocr_line' id='line_1_32' title="bbox 226 3573 1234 3632; baseline 0 -2"><span class='ocrx_word' id='word_1_284' title='bbox 226 3577 248 3610; x_wconf 83' lang='lat'>³⁴</span> <span class='ocrx_word' id='word_1_285' title='bbox 265 3575 336 3631; x_wconf 84' lang='lat' dir='ltr'>Edd.</span> <span class='ocrx_word' id='word_1_286' title='bbox 353 3575 401 3630; x_wconf 81' lang='lat' dir='ltr'>sed</span> <span class='ocrx_word' id='word_1_287' title='bbox 418 3583 444 3630; x_wconf 94' lang='lat' dir='ltr'>et</span> <span class='ocrx_word' id='word_1_288' title='bbox 461 3577 489 3630; x_wconf 82' lang='lat' dir='ltr'>ira</span> <span class='ocrx_word' id='word_1_289' title='bbox 507 3576 559 3632; x_wconf 81' lang='lat' dir='ltr'>obl.</span> <span class='ocrx_word' id='word_1_290' title='bbox 872 3578 904 3632; x_wconf 88' lang='lat' dir='ltr'>L.</span> <span class='ocrx_word' id='word_1_291' title='bbox 922 3578 959 3632; x_wconf 87' lang='lat' dir='ltr'>M.</span> <span class='ocrx_word' id='word_1_292' title='bbox 978 3583 1004 3632; x_wconf 95' lang='lat' dir='ltr'>et</span> <span class='ocrx_word' id='word_1_293' title='bbox 1020 3574 1064 3631; x_wconf 80' lang='lat' dir='ltr'>tte</span> <span class='ocrx_word' id='word_1_294' title='bbox 1080 3573 1234 3630; x_wconf 81' lang='lat' dir='ltr'>Monereda</span> 
     </span>
     <span class='ocr_line' id='line_1_33' title="bbox 228 3659 1264 3732; baseline -0.003 -16"><span class='ocrx_word' id='word_1_295' title='bbox 228 3663 250 3695; x_wconf 84' lang='lat'>³⁷</span> <span class='ocrx_word' id='word_1_296' title='bbox 268 3662 299 3716; x_wconf 92' lang='lat' dir='ltr'>P.</span> <span class='ocrx_word' id='word_1_297' title='bbox 313 3677 396 3715; x_wconf 85' lang='lat' dir='ltr'>anam</span> <span class='ocrx_word' id='word_1_298' title='bbox 413 3662 534 3732; x_wconf 77' lang='lat' dir='ltr'>repimen</span> <span class='ocrx_word' id='word_1_299' title='bbox 871 3663 905 3716; x_wconf 92' lang='lat' dir='ltr'>H.</span> <span class='ocrx_word' id='word_1_300' title='bbox 920 3664 975 3716; x_wconf 83' lang='lat' dir='ltr'>sive</span> <span class='ocrx_word' id='word_1_301' title='bbox 992 3676 1090 3730; x_wconf 81' lang='lat' dir='ltr'>repens</span> <span class='ocrx_word' id='word_1_302' title='bbox 1106 3659 1264 3731; x_wconf 83' lang='lat' dir='ltr'>Imperator</span> 
     </span>
     <span class='ocr_line' id='line_1_34' title="bbox 226 3742 1323 3815; baseline -0.003 -16"><span class='ocrx_word' id='word_1_303' title='bbox 226 3746 249 3779; x_wconf 79' lang='lat'>³⁸</span> <span class='ocrx_word' id='word_1_304' title='bbox 266 3745 296 3800; x_wconf 84' lang='lat' dir='ltr'>P.</span> <span class='ocrx_word' id='word_1_305' title='bbox 315 3761 376 3801; x_wconf 86' lang='lat' dir='ltr'>eum</span> <span class='ocrx_word' id='word_1_306' title='bbox 394 3747 497 3800; x_wconf 78' lang='lat' dir='ltr'>maiore</span> <span class='ocrx_word' id='word_1_307' title='bbox 512 3745 637 3815; x_wconf 80' lang='lat' dir='ltr'>fruentia</span> <span class='ocrx_word' id='word_1_308' title='bbox 812 3749 834 3780; x_wconf 85' lang='lat'>⁴⁷</span> <span class='ocrx_word' id='word_1_309' title='bbox 854 3742 1323 3802; x_wconf 81' lang='lat' dir='ltr'>A.aeeessariaestMoaarelre&#39;a—F.</span> 
     </span>
     <span class='ocr_line' id='line_1_35' title="bbox 227 3826 1323 3902; baseline -0.003 -16"><span class='ocrx_word' id='word_1_310' title='bbox 227 3831 250 3864; x_wconf 86' lang='lat'>⁴⁰</span> <span class='ocrx_word' id='word_1_311' title='bbox 266 3829 296 3886; x_wconf 91' lang='lat' dir='ltr'>P.</span> <span class='ocrx_word' id='word_1_312' title='bbox 312 3832 360 3884; x_wconf 84' lang='lat' dir='ltr'>sed</span> <span class='ocrx_word' id='word_1_313' title='bbox 377 3837 404 3885; x_wconf 90' lang='lat' dir='ltr'>et</span> <span class='ocrx_word' id='word_1_314' title='bbox 419 3846 533 3902; x_wconf 78' lang='lat' dir='ltr'>repaam</span> <span class='ocrx_word' id='word_1_315' title='bbox 856 3846 963 3887; x_wconf 80' lang='lat' dir='ltr'>neeesse</span> <span class='ocrx_word' id='word_1_316' title='bbox 980 3838 1020 3885; x_wconf 83' lang='lat' dir='ltr'>est</span> <span class='ocrx_word' id='word_1_317' title='bbox 1028 3826 1181 3884; x_wconf 78' lang='lat' dir='ltr'>Monarela</span> <span class='ocrx_word' id='word_1_318' title='bbox 1190 3831 1245 3883; x_wconf 84' lang='lat' dir='ltr'>siae</span> <span class='ocrx_word' id='word_1_319' title='bbox 1253 3828 1323 3900; x_wconf 88' lang='lat' dir='ltr'>Imp.</span> 
     </span>
     <span class='ocr_line' id='line_1_36' title="bbox 228 3913 1324 3987; baseline -0.001 -18"><span class='ocrx_word' id='word_1_320' title='bbox 228 3916 250 3950; x_wconf 89' lang='lat'>⁴¹</span> <span class='ocrx_word' id='word_1_321' title='bbox 268 3915 301 3969; x_wconf 91' lang='lat' dir='ltr'>H.</span> <span class='ocrx_word' id='word_1_322' title='bbox 316 3915 387 3969; x_wconf 77' lang='lat' dir='ltr'>illari</span> <span class='ocrx_word' id='word_1_323' title='bbox 403 3915 541 3986; x_wconf 76' lang='lat' dir='ltr'>ineffabile</span> <span class='ocrx_word' id='word_1_324' title='bbox 559 3944 592 3953; x_wconf 92' lang='lat'><em>-</em></span> <span class='ocrx_word' id='word_1_325' title='bbox 609 3913 678 3969; x_wconf 86' lang='lat' dir='ltr'>Edd.</span> <span class='ocrx_word' id='word_1_326' title='bbox 695 3929 738 3969; x_wconf 89' lang='lat' dir='ltr'>re·</span> <span class='ocrx_word' id='word_1_327' title='bbox 790 3917 855 3987; x_wconf 77' lang='lat' dir='ltr'>(lap.</span> <span class='ocrx_word' id='word_1_328' title='bbox 874 3916 922 3969; x_wconf 92' lang='lat' dir='ltr'>Vl.</span> <span class='ocrx_word' id='word_1_329' title='bbox 967 3916 1025 3969; x_wconf 83' lang='lat' dir='ltr'>¹A.</span> <span class='ocrx_word' id='word_1_330' title='bbox 1052 3929 1107 3968; x_wconf 89' lang='lat' dir='ltr'>non</span> <span class='ocrx_word' id='word_1_331' title='bbox 1134 3913 1236 3968; x_wconf 88' lang='lat' dir='ltr'>indicat</span> <span class='ocrx_word' id='word_1_332' title='bbox 1262 3913 1324 3969; x_wconf 83' lang='lat' dir='ltr'>nori</span> 
     </span>
     <span class='ocr_line' id='line_1_37' title="bbox 273 3996 1085 4067; baseline -0.001 -13"><span class='ocrx_word' id='word_1_333' title='bbox 273 4003 354 4055; x_wconf 87' lang='lat' dir='ltr'>centt.</span> <span class='ocrx_word' id='word_1_334' title='bbox 365 4016 427 4054; x_wconf 90' lang='lat' dir='ltr'>curn</span> <span class='ocrx_word' id='word_1_335' title='bbox 444 4000 475 4054; x_wconf 88' lang='lat' dir='ltr'>P.</span> <span class='ocrx_word' id='word_1_336' title='bbox 484 4005 511 4054; x_wconf 88' lang='lat' dir='ltr'>et</span> <span class='ocrx_word' id='word_1_337' title='bbox 519 4015 588 4054; x_wconf 83' lang='lat' dir='ltr'>vers.</span> <span class='ocrx_word' id='word_1_338' title='bbox 605 3998 738 4054; x_wconf 83' lang='lat' dir='ltr'>Ficinie&#39;tt.</span> <span class='ocrx_word' id='word_1_339' title='bbox 857 3996 953 4067; x_wconf 87' lang='lat' dir='ltr'>capitis</span> <span class='ocrx_word' id='word_1_340' title='bbox 971 3997 1085 4054; x_wconf 91' lang='lat' dir='ltr'>initium.</span> 
     </span>
     <span class='ocr_line' id='line_1_38' title="bbox 273 4082 1244 4155; baseline 0 -17"><span class='ocrx_word' id='word_1_341' title='bbox 273 4083 419 4154; x_wconf 77' lang='lat' dir='ltr'>ineffabilis</span> <span class='ocrx_word' id='word_1_342' title='bbox 537 4143 541 4152; x_wconf 81' lang='lat'><strong>.</strong></span> <span class='ocrx_word' id='word_1_343' title='bbox 873 4082 905 4136; x_wconf 88' lang='lat' dir='ltr'>F.</span> <span class='ocrx_word' id='word_1_344' title='bbox 924 4084 964 4138; x_wconf 85' lang='lat' dir='ltr'>sie</span> <span class='ocrx_word' id='word_1_345' title='bbox 981 4083 1049 4138; x_wconf 78' lang='lat' dir='ltr'>orele</span> <span class='ocrx_word' id='word_1_346' title='bbox 1060 4084 1244 4155; x_wconf 81' lang='lat' dir='ltr'>particularis</span> 
     </span>
    </p>
   </div>
   <div class='ocr_carea' id='block_1_6' title="bbox 206 4198 1322 4325">
    <p class='ocr_par' dir='ltr' id='par_1_6' title="bbox 206 4198 1322 4325">
     <span class='ocr_line' id='line_1_39' title="bbox 273 4198 1322 4272; baseline 0 -16"><span class='ocrx_word' id='word_1_347' title='bbox 273 4203 296 4236; x_wconf 76' lang='lat'>³⁴</span> <span class='ocrx_word' id='word_1_348' title='bbox 313 4203 483 4256; x_wconf 84' lang='lat' dir='ltr'>Amsrornm</span> <span class='ocrx_word' id='word_1_349' title='bbox 500 4243 559 4256; x_wconf 90' lang='lat'><strong>....</strong></span> <span class='ocrx_word' id='word_1_350' title='bbox 578 4198 767 4272; x_wconf 72' lang='lat' dir='ltr'>naprxptarrr.</span> <span class='ocrx_word' id='word_1_351' title='bbox 837 4202 859 4234; x_wconf 81' lang='lat'>⁴⁴</span> <span class='ocrx_word' id='word_1_352' title='bbox 879 4200 1054 4271; x_wconf 79' lang='lat' dir='ltr'>Subintellige</span> <span class='ocrx_word' id='word_1_353' title='bbox 1078 4202 1322 4268; x_wconf 83' lang='lat' dir='ltr'>‚‚consideremue“.</span> 
     </span>
     <span class='ocr_line' id='line_1_40' title="bbox 206 4269 577 4325; baseline -0.003 -1"><span class='ocrx_word' id='word_1_354' title='bbox 206 4271 228 4304; x_wconf 93' lang='lat'>⁴¹</span> <span class='ocrx_word' id='word_1_355' title='bbox 245 4269 302 4325; x_wconf 82' lang='lat' dir='ltr'>Er.</span> <span class='ocrx_word' id='word_1_356' title='bbox 320 4270 416 4324; x_wconf 75' lang='lat' dir='ltr'>Lucan</span> <span class='ocrx_word' id='word_1_357' title='bbox 438 4277 475 4324; x_wconf 85' lang='lat' dir='ltr'>tt.</span> <span class='ocrx_word' id='word_1_358' title='bbox 492 4287 517 4325; x_wconf 82' lang='lat' dir='ltr'>r.</span> <span class='ocrx_word' id='word_1_359' title='bbox 538 4277 577 4325; x_wconf 80' lang='lat' dir='ltr'>lt.</span> 
     </span>
    </p>
   </div>
   <div class='ocr_carea' id='block_1_7' title="bbox 0 0 1474 4808">
    <p class='ocr_par' dir='ltr' id='par_1_7' title="bbox 0 0 1474 4808">
     <span class='ocr_line' id='line_1_41' title="bbox 0 0 1474 4808; baseline 0 0"><span class='ocrx_word' id='word_1_360' title='bbox 0 0 1474 4808; x_wconf 95' lang='lat' dir='ltr'> </span> 
     </span>
    </p>
   </div>
  </div>
 </body>
</html>
