2940 4808
551 317 831 374 Pttoubeonnun.
1197 318 1248 371 XV

130 495 220 564 atteri
241 495 390 564 codicum
410 516 486 589 prae
506 493 640 563 caeteris
667 493 839 564 auctoritas
867 490 964 562 tribui
992 502 1108 587 potest,
1135 502 1247 588 atquo

131 622 276 716 saepius,
310 621 407 691 etiam
442 620 495 714 qui
529 620 672 715 reliquos
706 620 898 716 pierumque
925 618 1101 690 lectionum
1129 619 1248 714 ineptia

130 758 278 844 superat,
304 746 557 818 Ambrosianum
587 757 678 841 puta,
707 747 758 817 iric
785 747 832 816 uei
859 746 941 836 illic,
976 747 1123 817 ouantium
1154 770 1249 837 unua,

131 877 201 945 sine
220 875 319 946 dubio
348 874 481 970 probam
509 884 603 967 atque
629 874 805 967 genuinam
835 873 976 969 praebet.
1021 873 1137 969 Neque
1164 874 1249 943 inter

132 1001 271 1092 codices,
299 1003 352 1097 qui
381 1001 419 1071 ad
449 1024 510 1071 nos
528 1011 756 1095 peruenerunt,
783 1011 869 1070 certa
888 1024 1017 1094 genera,
1044 1000 1181 1070 familias
1201 999 1246 1071 di·

131 1137 221 1218 cunt,
249 1129 446 1201 constituere
475 1127 552 1198 mibi
581 1129 734 1222 contigit,
763 1127 795 1198 id
825 1151 925 1197 unum
955 1128 1154 1222 percipiam,
1190 1126 1249 1198 ali·

131 1279 213 1349 qnos
246 1256 374 1352 saepius
410 1279 505 1351 quam
541 1255 657 1325 caeteri
692 1256 778 1326 inter
811 1279 845 1325 se
879 1254 1074 1325 consentire.
1135 1254 1247 1326 Talem

131 1382 217 1452 inter
250 1381 471 1477 Hungaricum
508 1392 539 1451 et
575 1381 736 1454 Venotnm
773 1382 974 1453 intercedere
1017 1383 1244 1476 cognationem

130 1509 278 1601 dixerim,
304 1534 322 1579 a
349 1510 465 1605 quibus
493 1509 730 1580 Ambrosianus
757 1523 787 1580 et
806 1508 1043 1581 Laurentianus
1072 1533 1138 1580 non
1168 1511 1251 1581 mni·

131 1647 200 1705 tum
236 1636 355 1707 distare
382 1636 542 1706 videntur.
597 1635 785 1708 Feliniauus
812 1649 843 1708 et
869 1637 1043 1729 Palatium,
1070 1661 1086 1706 a
1115 1637 1248 1733 reliquis
1339 1643 1343 1649 '

131 1786 286 1858 persaepe
314 1763 519 1853 recedentes,
546 1764 664 1859 probas
693 1765 775 1836 baud
804 1789 876 1835 raro
904 1765 1058 1835 exhibent
1083 1764 1249 1855 lectiones,

131 1890 218 1961 unde
246 1892 415 1986 utriusque
443 1891 666 1961 testimonium
696 1893 786 1963 onrni
815 1892 1076 1963 consideratione
1110 1892 1246 1986 dignum

130 2028 221 2112 puto.

233 2144 307 2215 Non
329 2156 435 2215 tamen
456 2145 486 2215 id
509 2145 587 2215 mibi
615 2145 779 2240 agendum
808 2146 895 2234 duxi,
921 2157 957 2216 ut
985 2170 1247 2242 unamquamque

131 2282 236 2342 textus
263 2273 466 2362 varietatem,
504 2271 537 2342 in
567 2296 631 2343 nno
658 2273 706 2342 vn
734 2272 835 2342 altero
864 2272 975 2343 codice
1003 2273 1248 2368 deprehensam,

129 2400 332 2483 adnotarem.
387 2398 480 2482 Quod
510 2398 535 2468 si
570 2400 719 2471 fecissem
750 2397 852 2492 major
881 2400 1069 2494 paginarum
1098 2424 1172 2495 pars
1199 2401 1248 2470 in·

130 2550 360 2617 numerarunt,
402 2549 554 2619 magnam
589 2536 714 2621 partem
750 2550 850 2597 sensu
886 2551 1020 2622 prorsus
1055 2528 1246 2618 carentium,

130 2654 308 2725 tactionum
348 2655 440 2749 copia
468 2653 582 2723 fuisset
606 2653 731 2724 obruta.
787 2654 872 2724 Satis
897 2655 996 2748 igitur
1024 2654 1138 2724 fecisse
1169 2654 1246 2725 mihi

130 2781 218 2852 visus
245 2805 330 2871 sum,
358 2782 384 2852 si
404 2805 457 2851 eas
477 2780 665 2870 indicarem,
693 2780 846 2875 quasve!
874 2781 1075 2874 aliquatenus
1103 2780 1243 2872 defendi,

128 2908 178 2979 vel
209 2908 356 2979 umbram
379 2907 468 3003 quasi
484 2905 588 3000 justae
610 2909 758 2979 iectionis
774 2908 911 2978 innuere
938 2931 1033 3002 posse
1062 2907 1246 2979 credebam.

234 3035 325 3126 Octo,
354 3035 391 3104 ad
422 3019 566 3105 nostram
586 3047 722 3106 aetatem
750 3036 950 3129 superstites,
969 3033 1175 3105 Monarchiae
1194 3058 1247 3105 co·

130 3163 218 3233 dices
240 3163 317 3233 mibi
342 3161 566 3253 innotuerunt,
593 3187 731 3259 quorum
760 3173 825 3232 tres
852 3164 942 3232 omni
972 3186 1033 3258 qua
1059 3163 1150 3258 potui
1178 3162 1248 3232 dili-

128 3290 238 3384 gentia
267 3289 335 3383 ipse
364 3289 497 3379 contudi,
524 3289 661 3359 aliorum
692 3300 828 3385 quatuor
856 3289 1063 3360 collationem
1092 3289 1247 3360 officiosis

26 3459 31 3464 ·
129 3419 321 3506 doctorum,
355 3415 508 3511 probatae
537 3416 586 3486 bis
614 3417 646 3486 in
675 3417 772 3487 nebus
799 3418 951 3512 peritiae,
987 3417 1129 3487 virorum
1160 3417 1246 3487 curis

128 3543 243 3614 debeo.
295 3542 343 3612 Ad
373 3553 520 3612 octavum
550 3542 630 3613 iiber
658 3568 817 3634 accessuS,
844 3545 1051 3640 quantumvis
1078 3542 1248 3639 appetituS,

129 3670 211 3740 mibi
240 3694 304 3740 non
333 3669 444 3764 patuit.
499 3668 630 3740 Praeter
658 3671 779 3766 aliquot
805 3671 961 3742 lectiones
988 3671 1026 3741 ad
1056 3671 1142 3740 locos
1170 3692 1247 3764 prae

128 3797 265 3868 caeteris
284 3797 391 3868 dubiis
409 3796 594 3891 impeditos,
622 3821 700 3892 quas
720 3797 893 3868 liberaliter
914 3821 1044 3868 mecum
1065 3797 1248 3868 communi·

128 3925 210 3995 cavit
237 3924 284 3994 vir
311 3924 433 3994 clariss.
462 3923 612 3996 Canaces
632 3922 733 3995 Enror
752 3925 898 4014 Neuron,
924 3922 1092 3993 Americae
1120 3934 1248 4018 septen·
1338 3916 1340 3920 ’

128 4051 273 4124 trionalis
290 4051 383 4141 civis,
402 4050 481 4121 nibil
498 4051 598 4145 igitur
614 4052 715 4123 babeo
735 4051 820 4146 rpmd
841 4077 879 4121 ex
898 4075 936 4121 eo
956 4050 1131 4145 proferam.
1168 4049 1248 4120 Dico

127 4180 169 4253 de
195 4179 306 4251 codice
337 4177 595 4269 membranaceo,
631 4180 684 4274 qni
712 4203 785 4249 curn
815 4179 884 4249 aliis
911 4177 1109 4249 Guilelrni
1127 4177 1248 4249 Libri
