2940 4808
219 329 286 384 vm
644 326 929 398 enonnoonnns.

160 524 188 552 ‘s
227 502 372 597 subjicio,
399 503 458 573 viri
486 503 585 575 celeb.
605 501 699 575 Coss.
722 502 853 594 Gnissi,
880 501 935 598 qni
962 502 1118 574 [abulcrio
1146 502 1341 574 Florentino

223 630 416 724 dignissime
443 641 579 726 praeesl,
607 631 750 726 epistole,
777 629 869 724 enjus
899 630 1045 726 opellae
1073 631 1106 699 in
1133 653 1169 699 re
1197 654 1275 701 usus
1300 631 1343 702 sil

221 757 321 849 Zoilo,
349 766 457 854 aperie
484 758 701 829 demonstrat:

273 883 451 975 „Fireoze
479 882 505 954 il
531 884 565 955 4.
595 884 630 954 cli
650 881 832 955 settembre
863 883 955 954 1871
964 935 1112 954 ......
1142 880 1207 953 Cbe
1229 881 1256 952 il
1275 881 1343 954 Co.

276 1009 349 1080 (lice
370 1009 543 1083 Feliciorco
572 1036 588 1081 o
617 1010 791 1082 l'onorcimo
820 1008 874 1080 ciel
896 1009 995 1080 Zollo
1022 1009 1116 1080 sione
1142 1032 1209 1079 nno
1236 1019 1345 1081 stesso

274 1161 370 1229 cosa,
397 1138 428 1209 si
450 1138 519 1234 pub
546 1138 693 1208 rilenere
721 1160 780 1207 con
803 1137 998 1224 sicureczo3
1028 1135 1205 1230 sapendosi
1231 1136 1290 1207 cbe
1316 1136 1343 1207 il

275 1264 365 1336 dolio
388 1264 497 1360 padre
519 1261 682 1338 Giocon
700 1263 922 1356 Homerico
941 1263 1077 1334 Marcei
1104 1285 1161 1333 ero
1179 1266 1343 1358 frequen·

275 1401 383 1462 lolorc
405 1391 547 1463 occiduo
575 1391 663 1462 clello
682 1390 869 1474 Feliciono,
898 1389 1005 1460 dende
1026 1399 1134 1461 lrossc
1160 1388 1260 1461 molto
1281 1413 1344 1485 per

274 1517 443 1589 l’edicioni
480 1517 535 1588 dcl
563 1517 736 1607 Fabricio,
778 1516 865 1587 delle
897 1510 1111 1587 Miscellooee
1144 1515 1342 1609 Bolociom,

200 1641 202 1647 ’
275 1644 364 1715 dello
391 1629 539 1716 roccella
566 1643 616 1716 ‹le'
646 1644 787 1716 Caecilii
813 1667 896 1728 ecc,
925 1666 942 1713 c
969 1642 1145 1738 sapendosi
1167 1666 1255 1738 pore
1281 1667 1343 1714 coo
1426 1711 1430 1718 .

275 1782 398 1867 qscorclo
424 1772 573 1866 impenso
601 1771 744 1843 servisse
771 1770 818 1864 oli
845 1770 966 1842 editori
994 1793 1010 1840 e
1037 1769 1084 1864 oli
1111 1770 1253 1861 eruditi,
1287 1769 1343 1840 nel

278 1899 501 1969 communicer
526 1898 659 1990 notizie,
684 1901 742 1994 {br
769 1896 946 1968 collisioni
972 1897 1007 1968 di
1033 1897 1150 1983 codici,
1170 1897 1344 1991 soonerire

275 2026 363 2111 testi,
393 2048 410 2095 e
437 2024 540 2096 simili
566 2048 650 2096 cose.
701 2023 745 2094 lli
772 2033 898 2119 questo,
927 2023 1011 2094 ollre
1038 2026 1051 2094 i
1078 2023 1167 2115 libri,
1194 2047 1235 2095 ce
1263 2044 1342 2095 sono

276 2151 462 2223 teslimooio
484 2151 514 2221 le
542 2151 659 2223 lellerc
678 2150 763 2222 alni
789 2150 917 2233 scribe,
946 2150 1175 2221 cbe'lrcllovio
1202 2151 1233 2222 si
1259 2175 1342 2222 con-

274 2301 425 2349 seroono.
490 2275 560 2348 Oro
594 2288 739 2373 opprimo
766 2277 792 2348 il
819 2277 930 2349 Moesi
963 2301 1021 2348 ero
1055 2278 1090 2349 irc
1127 2277 1342 2348 serenissimo

273 2404 554 2499 corrisponclcrrco
572 2404 624 2477 col
642 2404 739 2475 Zollo
765 2428 860 2475 econ
878 2402 926 2498 oli
953 2403 1078 2475 crnrlili
1105 2404 1163 2475 cbo
1189 2404 1220 2475 si
1244 2404 1342 2474 cole-

273 2555 358 2604 oono
386 2530 436 2602 cle'
464 2531 539 2602 suoi
565 2524 687 2622 lorcbc'3
716 2555 732 2601 e
754 2532 885 2626 qcorcdo
905 2531 970 2625 coli
988 2540 1159 2625 slompooo
1177 2529 1203 2601 il
1221 2529 1343 2614 Docte,

275 2671 446 2756 slompovo
466 2658 584 2730 ollrcsi
609 2658 643 2729 lo
662 2659 809 2730 roccolto
826 2657 876 2728 de’
897 2657 1038 2730 Concilii
1062 2657 1116 2728 del
1133 2656 1253 2728 Moosi.
1272 2655 1342 2728 So-

275 2787 373 2857 rebbe
398 2786 495 2880 qccnsi
512 2786 714 2881 impossibile
733 2783 819 2884 (elice
839 2786 918 2856 bene
936 2783 962 2855 il
978 2785 1043 2855 mio
1070 2787 1174 2856 amico
1192 2782 1342 2878 Bomoi)

275 2937 295 2984 o
314 2913 450 2984 credere
469 2913 526 2984 obe
545 2912 701 2985 l'erudilo
720 2913 898 2997 Leccbcse,
919 2912 1063 3008 sopcndo
1082 2912 1141 2982 ebe
1160 2911 1190 2982 si
1204 2912 1342 3006 pubbli-

274 3064 355 3111 coro
372 3051 587 3112 nrcooomcnlc
606 3041 639 3111 lo
659 3040 696 3111 M
701 3039 875 3112 onorcbi
882 3065 914 3125 o,
941 3063 1006 3110 rcorc
1022 3043 1112 3135 fosse
1132 3061 1226 3110 corso
1245 3039 1342 3110 subi-

222 3261 425 3269 *-

225 3390 284 3446 Lib.
309 3390 336 3444 II
359 3405 417 3458 cap.
442 3394 457 3443 8
487 3390 532 3444 lin.
555 3395 588 3445 60
624 3405 647 3444 c.
672 3390 769 3445 Felin.:
798 3391 828 3444 in
861 3390 994 3445 decimo
1023 3389 1062 3443 de
1087 3404 1198 3443 rerum
1224 3395 1343 3446 treno-

223 3483 424 3538 mutatione.
443 3514 476 3523 -
501 3484 599 3537 Zella:
625 3484 658 3536 in
683 3484 814 3538 decimo
841 3484 879 3537 de
902 3498 1011 3537 rerum
1029 3483 1200 3538 terminis.
1236 3484 1296 3538 Lib.
1314 3485 1342 3538 11

224 3575 649 3646 cap.1ilin.58ci'elin.:sed
669 3591 708 3630 ex
726 3592 763 3630 ns
781 3577 852 3645 (iege
871 3592 910 3631 nc
925 3584 1073 3638 =nune)
1092 3591 1130 3630 ex
1147 3577 1343 3646 principiis.

223 3701 256 3711 -
275 3671 367 3725 Zeita:
391 3671 448 3724 sed
467 3669 629 3746 externis,
645 3685 682 3723 ex
700 3669 806 3737 prino.
842 3671 950 3737 Lectio,
967 3674 1148 3738 peccatum
1167 3672 1342 3734 auctoris,

224 3778 304 3832 quam
331 3750 390 3818 Lib.
414 3763 440 3816 II
464 3776 523 3831 cop.
548 3767 578 3816 13
609 3762 655 3815 lin.
684 3767 698 3816 2
734 3763 864 3819 ibinmns
886 3768 958 3818 inter
981 3764 1070 3817 varias
1093 3779 1109 3817 a
1133 3762 1210 3817 Zella
1234 3768 1343 3819 notatas

224 3855 322 3923 refert,
352 3871 441 3925 neque
465 3856 491 3909 in
516 3855 611 3910 codice
628 3855 726 3918 Pelin,
752 3872 841 3926 neque
866 3858 893 3911 in
917 3856 989 3910 notis
1007 3855 1101 3909 Zattae
1119 3855 1265 3922 hocloco,
1292 3858 1342 3912 sed

224 3949 268 4002 lin.
288 3953 320 4004 36
340 3950 437 4017 capitis
454 3950 642 4015 praecedentis
661 3954 721 4018 (pro
739 3952 970 4016 auctoritate)
988 3949 1111 4004 habetur.
1125 3979 1152 3988 -
1169 3949 1243 4014 Quas
1259 3949 1342 4018 piae-

224 4047 299 4097 leree
316 4042 399 4097 Libro
416 4041 443 4094 ΙΙ
467 4057 527 4110 cap.
546 4047 560 4096 2
584 4043 629 4096 lin.
649 4048 679 4098 27
705 4048 732 4098 et
749 4043 794 4096 lin.
814 4049 845 4098 53
864 4059 880 4096 a
897 4044 977 4097 Zatte
999 4043 1085 4097 textui
1103 4044 1219 4097 Lucensi
1242 4044 1342 4114 injuria

223 4134 376 4190 tribuidixi
387 4135 526 4197 lectiones,
544 4151 592 4190 eae
609 4136 712 4190 iterum
723 4137 847 4205 inspecto
857 4136 927 4192 libro
936 4136 1131 4203 manuscripto,
1150 4137 1177 4189 in
1192 4152 1225 4191 eo
1243 4138 1339 4205 depre

224 4228 325 4284 hennae
344 4234 415 4285 sunt.
