2940 4808
342 320 477 377 DANTIS
495 319 713 376 MONARCHIA
730 323 750 375 l.
770 318 798 374 (l.
821 325 858 375 lt.
878 320 939 385 (tl),
960 324 989 375 13
1008 321 1069 385 (15).
1227 315 1266 377 25

151 498 245 566 etiam
266 503 370 581 patet,
402 495 487 577 quod
515 495 661 576 quamuis
683 493 800 560 Consul
829 492 896 558 sive
930 495 1000 559 Rex
1028 499 1174 578 respectu
1197 494 1268 559 viae

151 600 212 666 sint
233 597 352 664 domini
368 599 516 681 aliorum,
539 602 686 681 respectu
707 600 814 661 autem
833 595 959 659 termini
980 596 1114 661 aliorum
1134 597 1269 662 ministri
1287 612 1319 662 55

151 708 236 783 sunt,
269 706 301 766 et
333 700 473 766 maxime
505 699 691 781 Monareha‚
727 697 782 779 qui
813 698 955 763 minister
990 699 1128 763 omnium
1160 701 1271 784 procul

152 802 247 869 dubio
271 801 436 867 habendus
459 809 515 867 est.
552 802 634 866 Hinc
649 801 745 866 etiarn
760 801 824 864 iam
839 801 1033 867 innotescere
1047 806 1161 886 potest,
1185 801 1271 883 quod

150 904 322 973 Monarcha
343 905 552 970 necessitatur
573 923 593 967 a
615 902 677 970 fine
700 902 761 967 sibi
786 902 929 985 praefixo
951 903 984 966 in
1005 903 1130 985 legibus
1151 925 1269 989 ponen-

152 1007 209 1074 dis.
254 1007 339 1089 Ergo
367 1024 467 1087 genus
496 1007 667 1071 humanum
689 1004 747 1069 sub
769 1005 941 1070 Monaroha
967 1005 1121 1090 existens,
1151 1007 1270 1089 optime

151 1109 307 1176 sehabet:
323 1127 364 1172 ex
376 1127 438 1189 quo
450 1108 600 1190 sequitur,
613 1105 699 1187 quod
710 1105 753 1169 ad
765 1107 845 1173 bene
855 1125 924 1173 esse
935 1108 1271 1174 mundiMonarohiam
1289 1104 1321 1154 ¹¹⁰

152 1230 283 1278 necesse
306 1216 355 1276 est
378 1228 456 1276 esse.

535 1364 661 1446 [CAPUT
682 1381 755 1427 21111·
781 1359 883 1444 (xv.)]

165 1560 168 1565 .
236 1499 359 1583 Adhuc,
375 1499 432 1564 ille
448 1500 502 1580 qui
516 1505 621 1584 potest
636 1518 706 1564 esse
722 1497 840 1583 optime
853 1498 1025 1584 dispositus
1037 1498 1078 1564 ad
1090 1499 1271 1584 regendum,

153 1602 272 1684 optime
300 1601 384 1667 alios
413 1601 581 1684 disponere
609 1608 724 1686 potest.
768 1602 852 1666 Nam
875 1602 1014 1669 inomni
1043 1604 1166 1669 actione
1188 1603 1271 1687 prin-

153 1703 298 1788 cipaliter
319 1703 493 1770 intenditur
514 1703 556 1767 ab
578 1711 708 1788 agente,
731 1704 799 1770 siue
822 1704 1011 1770 necessitate
1032 1710 1181 1790 naturae,
1205 1706 1272 1770 sive

152 1807 332 1872 voluntarie
354 1811 445 1889 agat,
473 1806 634 1888 propriam
657 1805 895 1872 similitudinem
917 1805 1093 1889 explicare,
1122 1806 1205 1872 unde
1227 1807 1271 1892 fit,

154 1906 241 1989 quod
263 1927 355 1974 omne
380 1925 493 1991 agens,
516 1908 549 1971 in
572 1912 723 1988 quantum
744 1907 939 1991 huiusmodi,
969 1907 1159 1991 delectatur,
1188 1910 1271 1992 quia,
1290 1909 1304 1957 5

153 2030 249 2094 quum
272 2030 365 2076 omne
385 2008 470 2090 quod
485 2013 533 2076 est
555 2014 687 2094 appetat
702 2030 792 2074 suurn
808 2029 887 2094 esse,
910 2031 948 2076 ao
962 2011 995 2075 in
1010 2002 1134 2101 agendo
1149 2010 1272 2091 agentis

154 2131 224 2178 esse
237 2110 473 2194 quodammodo
486 2113 664 2196 amplietur,
680 2112 823 2195 sequitur
838 2113 878 2180 de
890 2113 1079 2179 necessitate
1092 2112 1271 2195 delectatio,

154 2214 230 2298 quia
259 2213 430 2281 delectatio
458 2214 506 2279 rei
534 2212 733 2282 desideratae
766 2236 890 2300 semper
921 2214 1048 2281 adnexa
1076 2216 1133 2282 esti
1182 2214 1272 2300 Nihil

152 2316 250 2398 igitur
265 2315 342 2399 agit,
357 2316 420 2380 nisi
435 2317 500 2381 tale
515 2317 664 2399 existens,
682 2318 775 2399 quale
789 2318 915 2401 patiens
928 2317 998 2384 fieri
1013 2317 1124 2403 debet3
1143 2321 1273 2402 propter

154 2416 241 2500 quod
262 2416 486 2501 Philosophus,
508 2417 542 2480 in
563 2417 611 2501 iis,
636 2437 718 2498 quae
740 2418 780 2486 de
802 2419 988 2502 simpliciter
1001 2420 1100 2500 Ente:
1121 2415 1271 2503 „Omne“,
1292 2406 1322 2464 ¹⁰

153 2519 272 2601 inquit,
302 2516 409 2601 „quod
429 2517 590 2584 reducitur
613 2517 652 2583 de
674 2521 817 2603 potentia
839 2521 872 2584 in
894 2527 1014 2605 aetum,
1037 2521 1196 2589 reducitur
1217 2539 1275 2602 per

153 2623 221 2688 tale
243 2620 384 2687 existens
405 2620 438 2682 in
461 2617 568 2701 actu“;
599 2622 684 2701 quod
712 2622 852 2687 sialiter
874 2622 996 2704 aliquid
1018 2642 1112 2704 agere
1136 2626 1273 2704 conetur,

153 2724 271 2790 frustra
300 2725 438 2787 conatur.
482 2719 524 2784 Et
552 2720 625 2786 hino
654 2720 774 2789 destrui
802 2729 907 2808 potest
935 2743 1021 2790 error
1048 2724 1190 2807 illorum,
1221 2723 1275 2804 qui

154 2826 240 2891 bona
254 2821 423 2905 loquendo,
441 2829 473 2888 et
486 2823 573 2887 mala
584 2824 755 2909 operando,
772 2825 903 2890 credunt
917 2825 998 2890 alios
1009 2825 1076 2890 vita
1088 2831 1120 2889 et
1133 2824 1274 2890 moribus

151 2925 338 3008 informare,
367 2945 431 2990 non
459 2923 678 3012 advertentes,
706 2926 793 3007 quod
813 2927 886 3010 plus
911 2932 1136 3009 persuaserunt
1163 2945 1274 2991 manus
1293 2924 1323 2973 ¹⁵

154 3026 265 3110 Jacob,
283 3044 378 3108 quam
392 3027 501 3110 verba,
517 3025 593 3093 licet
607 3027 683 3094 illae
698 3029 823 3111 falsum,
841 3029 899 3093 illa
914 3048 1023 3094 verum
1038 3027 1273 3114 persuaderent.

181 3212 204 3246 ¹¹
220 3212 252 3265 Η.
272 3215 298 3265 et
315 3208 475 3276 Menarchus,
494 3212 543 3280 qui
771 3214 791 3244 ¹¹
808 3213 840 3266 F.
860 3213 893 3268 de
906 3213 1030 3284 potentia
1048 3213 1086 3267 ad
1102 3217 1191 3268 ectum

184 3298 206 3330 ¹¹
223 3298 256 3350 A.
274 3295 337 3350 dine
361 3295 441 3348 etiem
467 3295 551 3348 innot.
569 3325 602 3336 -
620 3296 690 3354 Edd.
770 3299 792 3330 ¹¹
808 3297 842 3352 Η.
861 3297 892 3352 L.
911 3297 949 3351 Μ.
968 3297 1001 3353 V.
1020 3290 1224 3353 existens'oetu
1244 3326 1275 3336 -

225 3379 299 3434 Hine
317 3380 370 3433 iam
390 3379 555 3434 inrectescere
810 3384 838 3436 ia
856 3381 1023 3451 reposuimus
1042 3398 1102 3437 cum
1119 3384 1152 3436 A.
1172 3380 1203 3434 F.
1221 3381 1251 3435 P.

183 3466 207 3499 ¹⁸
223 3464 336 3518 Turrius
353 3464 531 3518 accersiretur
545 3465 601 3533 fine
623 3498 651 3506 -
770 3459 884 3537 ¹³'quod
895 3467 937 3521 si.
950 3508 974 3519 ..
990 3466 1182 3522 conaturinter
1197 3464 1274 3520 codd.

240 3549 310 3603 Edd.
331 3547 432 3615 antiqu.
451 3564 550 3602 necess.
570 3551 597 3603 in
612 3551 668 3618 fine
811 3567 892 3605 manu
908 3556 1033 3606 exaratos
1050 3551 1133 3615 habet
1151 3550 1223 3604 solus
1242 3549 1275 3605 A.

157 3634 221 3703 (lap.
240 3633 314 3687 XIIl.
351 3633 361 3664 ¹
379 3632 410 3685 P.
430 3632 567 3687 solertiore
584 3642 650 3706 apat
827 3636 896 3690 Edd.
916 3635 951 3690 lt't
969 3635 1013 3691 so
1027 3640 1119 3706 potest
1136 3633 1239 3688 destrui

191 3721 202 3752 ⁵
218 3719 288 3772 Post
314 3717 469 3773 huiusmodi
493 3720 580 3776 versio
603 3720 692 3775 Fioini
772 3722 791 3752 ¹¹
810 3721 842 3773 F.
860 3730 887 3775 et
903 3721 972 3775 male
989 3719 1128 3791 operando

223 3803 329 3874 operrdo
348 3803 446 3858 addere
463 3802 568 3857 videtur
773 3808 794 3838 ¹⁵
811 3805 843 3859 F.
862 3821 925 3860 nem
942 3805 1110 3859 adeertentes

192 3888 203 3921 ¹
220 3888 254 3942 H.
274 3889 328 3942 nisi
345 3888 398 3942 tale
415 3903 500 3959 opens

226 4039 299 4109 Gap.
316 4039 406 4095 xnl.
444 4042 465 4074 ¹⁰
482 4041 891 4113 AnrsuonnnnsMetaphys.IX.
902 4047 925 4096 8.
944 4042 1137 4097 Versiovetus:
1149 4039 1277 4110 „Semper

156 4109 228 4166 enirn
246 4125 279 4163 ex
316 4111 431 4163 otestate
450 4116 511 4163 ente
527 4110 558 4164 fit
566 4116 631 4164 actu
650 4111 747 4165 euseb
763 4116 827 4166 actu
843 4115 913 4175 ente,
930 4125 1034 4179 semper
1048 4114 1172 4164 movente
1186 4110 1275 4177 aliquo
1301 4125 1305 4138 ·

155 4178 251 4300 primo.
290 4191 390 4242 ovens
408 4183 496 4231 autem
515 4183 578 4232 actu
596 4178 648 4232 iam
666 4183 734 4233 est.“
807 4181 827 4213 ¹¹
845 4178 988 4233 Genesis
1007 4184 1046 4233 27.
1065 4196 1088 4233 v.
1108 4182 1148 4232 22.
1184 4177 1277 4244 „Dixit

172 4261 250 4301 saec:
271 4260 323 4298 vox
341 4243 446 4311 quidem
465 4261 516 4300 vox
533 4245 629 4313 Jacob,
648 4247 696 4301 sed
713 4262 807 4302 manus
825 4261 920 4302 manus
938 4252 1002 4302 sunt
1018 4247 1119 4305 Esau.“
