2940 4808
244 289 304 350 130
490 292 625 347 DANTIS
642 292 861 348 MONARCHIA
879 293 925 346 111.
944 294 973 346 e.
995 248 1114 359 rann.)

242 464 339 530 bunal
363 465 512 530 Caesaris
535 470 600 549 sto,
629 466 684 530 ubi
705 486 756 531 me
785 470 910 549 oportet
934 465 1112 549 judicari;“
1148 485 1243 547 quum
1266 467 1368 531 etiam

192 582 224 634 30
242 567 385 648 Angelus
408 565 470 629 Dei
492 567 592 632 Paulo
616 564 733 631 dixerit
754 587 866 650 parum
888 571 975 650 post:
1013 568 1083 650 „Ne
1106 567 1229 650 timeas,
1251 569 1366 651 Paule,

243 667 374 734 Caesari
403 673 434 732 te
464 674 588 751 oportet
616 666 803 733 adsistere.“
856 667 897 731 Et
926 668 1008 732 inira
1035 668 1150 734 iterum
1172 668 1291 733 Paulus
1321 667 1367 731 ad

241 769 382 836 Judaeos
394 768 585 835 exsistentes
599 769 632 833 in
641 769 750 833 Italia:
766 768 1086 851 „Contradicentibus
1099 775 1205 834 autem
1217 768 1365 852 Iudaeis,

242 874 369 935 coactus
398 889 467 934 sum
495 871 661 954 appellare
684 870 870 952 Caesarem,
898 890 961 935 non
991 871 1082 951 quasi
1107 877 1234 953 gentem
1256 891 1365 936 meam

240 972 362 1037 habens
384 972 507 1052 aliquid
529 992 694 1053 accusare,
725 971 784 1037 sed
809 977 843 1035 ut
865 992 1008 1038 eruerem
1034 974 1172 1037 animam
1195 992 1298 1037 meam
1322 972 1365 1038 de

191 1093 222 1144 35
241 1072 373 1138 morte.“
417 1074 511 1152 Quod
533 1073 560 1138 si
576 1076 695 1140 Caesar
712 1073 782 1156 jam
805 1077 879 1137 tunc
896 1072 1065 1156 judicandi
1088 1073 1277 1158 temporalia
1297 1095 1364 1139 non

241 1175 406 1242 habuisset
434 1176 670 1256 austeritatem,
699 1195 759 1240 nec
788 1174 931 1240 Christus
960 1175 1020 1240 hoc
1047 1176 1273 1258 persuasisset,
1303 1196 1366 1240 nee

239 1276 384 1358 Angelus
406 1276 464 1341 illa
486 1277 585 1342 verba
606 1276 804 1359 nunciasset,
829 1296 888 1341 uec
909 1276 965 1341 ille
990 1277 1043 1356 qui
1066 1275 1209 1341 dicebat:
1238 1277 1365 1362 „Cupio

240 1377 377 1442 dissolvi
405 1383 438 1442 et
466 1398 542 1445 esse
565 1399 635 1443 eum
659 1376 815 1460 Christo,“
843 1376 1108 1462 incompetentem
1133 1376 1277 1461 judIeem
1306 1398 1362 1462 ap-

239 1480 402 1563 pellasset.

190 1587 222 1638 ro
328 1578 362 1643 Si
396 1579 492 1644 etiam
525 1578 750 1644 Constantinus
783 1581 1003 1646 auctoritatem
1035 1601 1098 1646 non
1132 1580 1296 1646 habuisset
1330 1583 1364 1645 in

239 1681 450 1766 patrocinium
466 1680 639 1763 Ecclesiae,
662 1679 720 1743 illa
742 1699 824 1760 quae
847 1681 887 1746 de
909 1681 1046 1765 Imperio
1067 1681 1233 1764 deputavit
1255 1683 1294 1764 ei,
1321 1683 1362 1751 de

236 1783 310 1866 jure
334 1782 487 1867 deputare
510 1803 573 1848 non
596 1782 767 1866 potuisset,
799 1788 830 1846 et
853 1783 899 1846 sie
920 1781 1081 1865 Ecclesia,
1111 1783 1168 1846 illa
1191 1784 1364 1851 collatione

149 1920 152 1925 ·
240 1889 380 1949 uteretur
408 1884 540 1968 injuste,
573 1904 668 1964 quum
691 1883 778 1948 Deus
801 1884 880 1948 velit
908 1884 1086 1950 oblationes
1118 1904 1189 1950 esse
1211 1884 1362 1948 immacu-

240 1987 332 2069 latas,
352 1986 448 2070 juxta
468 1985 550 2050 illud
564 1984 763 2051 Levitioi:
786 1984 918 2069 „Omnis
934 1985 1064 2068 oblatio,
1082 2005 1176 2067 quam
1193 1984 1363 2051 conferetis

189 2100 221 2150 ra
240 2088 388 2171 Domino,
412 2088 534 2169 absque
556 2086 709 2152 fermento
733 2084 822 2150 erit.“
867 2086 959 2166 Quod
988 2086 1116 2168 quidem
1145 2093 1363 2173 praeceptum,

266 2238 289 2270 ²⁰
307 2238 375 2290 Edu.
395 2239 514 2292 Venetae
539 2237 578 2291 ibi
600 2254 640 2290 me
658 2243 774 2307 oportet,
851 2238 872 2268 ⁴¹
893 2237 924 2290 L.
946 2239 973 2290 in
985 2239 1185 2307 patrimonium
1206 2237 1277 2292 Eccl.

308 2322 379 2390 quod
406 2329 432 2375 et
465 2321 492 2375 iu
525 2322 640 2389 vulgatis
681 2327 772 2376 textus
851 2324 882 2387 ⁴¹,
902 2323 925 2354 ⁴²
943 2320 973 2374 F.
992 2322 1018 2374 ei
1035 2339 1052 2374 e
1063 2322 1162 2392 judice
1179 2322 1311 2393 deputare

308 2407 378 2462 sacri
395 2405 471 2459 editt.
499 2405 580 2459 Codd.
598 2413 687 2460 tamen
705 2421 772 2459 una-
851 2408 875 2438 ⁴²
892 2408 924 2460 A.
943 2413 970 2460 et
989 2405 1110 2461 Ecclesia
1128 2438 1160 2445 -
1178 2407 1215 2459 M.
1232 2409 1272 2462 sic
1286 2406 1358 2461 lt'ccl.

307 2492 372 2546 nimi
399 2505 533 2545 consensu
552 2492 599 2545 nbi
615 2507 656 2544 me
674 2495 773 2560 oport,
895 2522 925 2530 -
943 2492 976 2544 V.
995 2493 1063 2545 etsi
1080 2492 1151 2546 h'ccl.

307 2594 387 2646 quam
409 2577 561 2639 lectionem,
587 2575 658 2629 inter
683 2574 771 2627 varias
852 2577 882 2639 ⁴³,
902 2577 925 2608 ⁴⁵
943 2576 975 2628 H.
1005 2593 1085 2645 quem
1112 2576 1217 2644 offertis
1244 2577 1359 2630 Donn'no

307 2667 424 2717 Actuum
440 2662 474 2715 ab
487 2659 636 2714 editoribus
653 2660 775 2723 relatam,
893 2691 927 2699 —
943 2660 975 2712 V.
994 2677 1075 2730 quem
1094 2663 1228 2731 corrfcrtis
1245 2662 1360 2716 lietuino

307 2748 423 2801 Dantem
441 2746 569 2800 habuisse
587 2760 734 2799 censemus,
893 2776 927 2783 —
945 2745 983 2797 M.
1003 2761 1084 2814 prtem
1102 2747 1236 2816 consertis
1253 2746 1311 2800 lico
1327 2776 1361 2784 —

264 2834 287 2866 ³⁰
304 2833 337 2886 H.
357 2831 479 2903 Arcpctns
499 2831 608 2884 Dornt'nr'
895 2831 926 2882 A.
946 2829 978 2883 F.
998 2830 1029 2882 L.
1048 2830 1144 2885 Versio
1163 2830 1220 2884 Fic.
1234 2834 1261 2884 et
1270 2831 1360 2884 Prine.

265 2919 288 2951 ³¹
306 2918 344 2971 M.
364 2921 399 2969 Et
416 2917 486 2970 idem
504 2917 599 2968 iterum
619 2913 724 2968 Penius
741 2943 774 2950 -
895 2914 1006 2982 Oporini
1029 2914 1168 2969 nobiscum
1192 2931 1274 2985 qtcam
1296 2932 1360 2968 con-

306 3002 340 3055 H.
359 3001 390 3054 L.
411 3003 446 3054 Et
464 3003 559 3055 iterum
578 2999 683 3052 Poulns
892 2999 990 3068 scretis
1013 2998 1128 3052 Dornino
1163 3031 1196 3038 —
1223 2999 1252 3052 P.
1277 3016 1360 3069 qrcom

264 3087 287 3119 ³³
305 3086 337 3138 A.
356 3095 472 3140 coriatus
489 3102 547 3138 sunt
565 3084 721 3154 approbare
891 3084 1036 3152 corrfcrens
1054 3085 1169 3138 Dcmr'no
1186 3116 1220 3122 —
1234 3085 1316 3137 Zatta
1334 3093 1361 3138 et

264 3171 287 3203 ³¹
306 3171 342 3223 M.
365 3171 414 3224 scd
436 3177 466 3224 nt
492 3185 584 3223 ernam
610 3198 640 3208 -
667 3168 699 3221 L.
725 3167 774 3221 scd
891 3168 1069 3233 recentiores,
1105 3169 1164 3223 sola
1198 3169 1360 3223 auctoritate

306 3261 337 3307 nt
353 3261 380 3308 et
406 3259 503 3309 tuerer.
539 3253 631 3307 Verba
662 3252 710 3306 secl
744 3257 774 3304 nt
892 3258 981 3307 textus
1006 3254 1168 3317 Bibliorum,
1197 3269 1275 3321 quem
1301 3255 1360 3306 vul-

306 3355 427 3393 crnercm
462 3340 580 3391 cninrern
619 3354 704 3390 memn
740 3336 773 3389 dc
892 3343 970 3404 gatae
994 3337 1068 3392 editt.
1095 3337 1235 3400 exhibent,
1263 3337 1302 3390 uti
1320 3339 1359 3390 vi·

306 3430 399 3488 morte,
418 3438 450 3476 ex
460 3423 566 3475 Psalmo
576 3427 607 3475 33
623 3421 711 3485 (Ceth.
722 3426 773 3485 32.)
893 3421 979 3487 detur,
998 3423 1071 3487 moti,
1090 3439 1160 3491 qncc
1178 3422 1360 3491 offerturIio-

306 3527 329 3561 v.
354 3514 381 3560 til
406 3508 542 3571 desumta,
569 3521 623 3559 non
647 3507 773 3574 leguntur
892 3509 964 3559 mino
991 3539 1024 3545 -
1048 3506 1251 3560 Restituendam
1278 3510 1358 3574 puta·

305 3595 332 3647 in
350 3594 472 3647 Actibus.
891 3591 976 3644 rimus
1026 3590 1168 3644 lectionem
1210 3591 1358 3660 antiquam,

265 3680 288 3712 ³⁶
305 3678 335 3731 F.
352 3678 478 3745 etP.pro
497 3677 596 3745 triplici
615 3678 773 3732 nechabent
892 3691 970 3742 quam
1005 3675 1034 3728 in
1068 3676 1187 3729 Levitico
1228 3675 1359 3730 habuisse

305 3764 403 3832 triplex
421 3780 475 3817 non
890 3759 993 3812 videtur
1011 3759 1122 3813 Dantes.

264 3849 286 3880 ³⁷
303 3848 337 3900 H.
356 3848 477 3918 Ancclns
496 3849 548 3901 iste
566 3847 647 3901 verbe
849 3845 872 3877 ⁴⁵
889 3844 974 3897 Editt.
1002 3850 1102 3899 recent.
1130 3848 1231 3897 textum
1255 3844 1357 3897 Biblio-

264 3933 287 3965 ³⁸
304 3934 337 3986 A.
352 3937 518 4002 competente
530 3931 769 4001 jrccb'cecppetles.
889 3945 949 3981 rum
973 3929 1149 3998 respicientes
1171 3929 1273 3997 absque
1296 3929 1357 3997 fcr-

264 4019 288 4051 ⁴⁰
304 4017 337 4069 V.
357 4016 412 4071 Seri
429 4018 509 4070 etiarn
530 4016 721 4070 Constantinus
889 4019 976 4067 mento
992 4015 1042 4082 fiet

307 4154 329 4185 ³⁰
346 4152 438 4205 Aenus
456 4154 506 4203 Ar.
532 4167 581 4271 cap
609 4151 721 4203 XXVII.
747 4167 771 4202 v.
791 4154 830 4203 rt.
908 4150 931 4182 ³²
948 4149 1014 4201 lth.
1041 4164 1098 4216 cap.
1119 4149 1243 4202 XXVIII.
1269 4166 1292 4201 v.
1316 4154 1356 4203 19.

237 4221 479 4287 ³⁷Phnn1Epist.
499 4219 538 4273 ad
585 4217 895 4288 hilipp.cap.1.v.·23.
933 4217 1144 4271 ⁴²Leviticus
1163 4233 1221 4284 cap.
1232 4217 1265 4270 II.
1277 4235 1300 4270 v.
1318 4223 1356 4275 11.

90 4360 209 4427 ,h
