2940 4808
99 313 137 367 Ν
514 316 797 372 PROLEGOMENA.

97 486 154 556 lin.
185 485 246 576 34,
274 511 341 584 cap.
372 490 394 558 4
422 489 478 559 lin.
508 491 541 580 3,
568 491 624 561 lin.
655 492 719 582 26,
747 492 803 562 lin.
833 491 898 582 37,
927 492 982 562 lin.
1012 492 1073 582 88,
1091 517 1171 598 cap.
1200 495 1222 565 6

100 612 155 682 lin.
193 613 247 703 10,
274 638 343 710 cap.
374 617 394 685 'l
424 617 479 686 lin.
500 617 533 706 8,
561 642 628 711 cap.
663 619 706 687 12
736 619 790 688 lin¹
822 617 880 708 64,
909 643 979 714 cap.
1003 620 1047 691 13
1077 620 1133 690 lin.
1166 620 1211 692 13

1 721 4 727 ’
97 763 166 834 cap.
197 741 241 809 15
271 741 327 811 un.
362 742 415 833 13,
443 768 511 837 cap.
545 743 590 814 ro
619 745 674 815 un.
707 744 763 834 ro,
790 746 843 816 un.
876 744 923 815 ao
951 757 983 815 a
1009 747 1066 817 un.
1095 747 1154 818 66.

199 867 288 950 Quae
333 869 420 939 inter
454 881 576 940 textum
621 872 659 941 ab
699 869 845 942 0666666
891 872 1090 965 divulgatum
1136 875 1224 944 codi-

1214 678 1224 711 7

98 1018 239 1088 cumque
267 995 439 1066 lectionem
460 997 573 1066 oculos
599 1022 694 1091 quam
718 1005 856 1099 maxime
877 999 1015 1068 incurrit
1032 999 1223 1090 differentia,

97 1145 133 1190 66
161 1132 219 1212 est,
247 1122 345 1216 quod,
372 1148 469 1217 quam
498 1124 571 1197 libri
601 1148 702 1195 manu
729 1126 847 1195 exarati
875 1124 1039 1215 exhibent,
1064 1127 1113 1196 vel
1133 1138 1222 1198 certe

97 1248 248 1319 exhibere
267 1250 428 1340 videntur,
456 1252 614 1344 ablegatio
639 1251 676 1320 ad
708 1250 854 1321 ultimam
876 1250 1008 1321 Divinae
1028 1252 1223 1324 Comoediae

96 1386 241 1471 partem,
268 1401 304 1446 ea
331 1401 349 1453 6
376 1377 522 1473 principe
550 1378 603 1448 illa
632 1378 773 1447 editione
802 1379 938 1447 omnino
973 1378 1065 1449 absit.
1120 1379 1222 1474 Cujus

97 1504 295 1573 differentiae
323 1506 486 1573 rationem
516 1506 548 1574 in
577 1528 615 1574 66
635 1505 772 1598 positam
801 1529 871 1587 6666
891 1506 974 1574 sorte
1002 1507 1074 1600 quis
1097 1506 1223 1599 dixerit,

97 1631 202 1724 quod,
229 1654 329 1725 quum
366 1630 549 1726 Oporinos,
584 1634 616 1701 in
644 1632 779 1725 epistola
806 1632 999 1701 dedicatoria
1033 1633 1071 1702 ad
1107 1633 1221 1705 Hiero·

99 1780 233 1850 aymam
258 1758 464 1848 Friclrerum,
491 1760 650 1829 librorum
679 1759 718 1827 de
738 1758 923 1829 Monarcbia
951 1768 1118 1829 auctorem
1154 1783 1221 1833 non

94 1886 332 1975 „vetustiorem
360 1885 451 1955 illum
471 1885 698 1955 Florentinum
726 1898 856 1980 poetam
876 1886 1136 1977 celeberrimum,
1164 1890 1221 1958 sed

95 2008 346 2108 philosophuml,
379 2013 604 2082 acutissimum
639 2025 733 2107 atque
769 2012 996 2082 doctissimum
1031 2015 1155 2104 virum,
1189 2027 1221 2085 et
1271 2047 1274 2054 ¹

98 2139 214 2231 Angeli
252 2139 400 2210 Politiani
436 2140 628 2211 familiarem
664 2142 863 2235 quendam“,
890 2164 961 2210 esse
999 2143 1222 2232 contenderet,

98 2265 203 2355 verba,
231 2267 265 2336 in
293 2267 410 2362 quibus
438 2268 491 2338 ille
518 2278 631 2338 auctor
658 2267 771 2337 [lautis
797 2267 987 2338 Paradisum
1023 2268 1113 2361 quasi
1148 2294 1223 2365 pro·

100 2395 209 2488 prium
230 2417 311 2488 opus
331 2406 580 2483 commemorat,
598 2395 764 2486 exbibens,
789 2395 849 2464 sibi
869 2396 937 2489 ipse
963 2395 1221 2467 contradixisset.
1317 2452 1319 2457 -

99 2520 132 2590 Si
161 2532 270 2590 tamen
308 2521 582 2610 consideraveriS,
610 2521 787 2592 blarsilium
823 2523 918 2592 etiam
955 2521 1125 2612 Ficinum,
1166 2525 1220 2618 qui

98 2646 320 2718 Monarchiam
342 2671 472 2717 summo
492 2647 645 2718 ltalorum
665 2650 727 2719 vati
741 2648 946 2720 tribuendam
963 2672 1035 2718 6666
1051 2673 1220 2744 nunquam

97 2774 261 2864 dubitavit,
287 2776 514 2868 allegationem
534 2775 620 2846 illam
642 2800 709 2846 666
737 2777 854 2847 babere
871 2780 903 2866 ¹),
931 2775 1023 2846 lacile
1042 2776 1217 2871 intelliges,

96 2902 190 2973 fallax
209 2926 289 2992 esse,
316 2904 402 2997 quod
423 2905 656 2997 supposuimus
674 2914 917 2996 argumentum.
963 2903 1075 2998 Neque
1101 2905 1221 2975 desunt

97 3030 158 3100 alia
186 3029 383 3100 differentiae
411 3029 496 3098 inter
523 3040 657 3118 textum,
686 3054 750 3124 quo
779 3054 856 3100 usus
883 3042 932 3100 est
959 3028 1134 3125 Oporinos,
1162 3056 1220 3101 no·

97 3166 245 3252 66666666
265 3157 394 3226 codices
413 3155 560 3249 exempla
589 3157 656 3226 lere
672 3157 855 3227 innumera.
895 3156 1052 3247 Sulliciat,
1080 3183 1160 3252 quas
1178 3159 1218 3229 ad

9 3362 11 3368 .
97 3283 215 3353 librum
245 3285 389 3377 primum
427 3283 651 3354 adnotavimus
678 3308 887 3353 enumerare:
924 3306 993 3378 cap.
1027 3284 1041 3352 l
1074 3285 1131 3354 lin.
1160 3285 1219 3374 23,

182 3503 200 3563 ¹t
220 3500 280 3554 Non
299 3505 389 3552 tamen
407 3499 676 3565 praetermittendum
700 3504 750 3559 est,
768 3499 963 3554 testeTuruuo
980 3499 1008 3551 in
1025 3499 1220 3553 additamentis

97 3610 124 3661 p.
147 3599 193 3648 180
212 3599 357 3661 utrumque
375 3591 458 3660 bajus
477 3591 611 3645 versionis
629 3591 750 3645 codicem
770 3606 825 3658 quo
849 3607 914 3646 usus
939 3598 982 3645 est
999 3592 1220 3654 thaurentianum

96 3687 194 3799 Xl‘w'
214 3693 253 3742 36.
273 3693 300 3741 et
318 3684 594 3753 Magliabeccbianum
612 3685 649 3739 Ol.
660 3684 719 3737 VII.
738 3684 873 3750 Noltilt)
892 3685 992 3739 habere
1010 3686 1108 3740 verba:
1127 3701 1221 3751 „come

97 3782 190 3851 podio
208 3779 275 3834 dissi
291 3779 337 3833 nel
353 3777 489 3832 Paradiso
507 3778 578 3832 dello
596 3780 651 3832 mio
671 3777 850 3832 Commodio.“
885 3777 965 3841 Quod
984 3777 1007 3830 si
1024 3778 1062 3830 ita
1081 3794 1111 3832 66
1129 3779 1221 3843 habet,

90 3880 172 3928 ‘corte
197 3873 293 3925 mirum
312 3879 362 3937 est,
381 3871 571 3934 Fratimllium
590 3873 637 3940 qui
655 3888 688 3925 ex
706 3872 775 3926 libro
785 3870 912 3939 Magliab.
931 3870 1084 3925 versionem
1092 3873 1149 3942 jam
1160 3872 1221 3926 edi-

97 3969 189 4028 derat,
213 3965 278 4019 nihil
296 3966 393 4023 borum
411 3967 520 4022 habere.
557 3966 660 4019 Eadem
685 3965 770 4019 verba
796 3963 876 4018 etiam
901 3965 1031 4031 leguntur
1047 3964 1075 4017 in
1093 3965 1220 4018 versione

96 4058 265 4128 germanica,
289 4075 388 4129 quam,
406 4076 421 4114 6
439 4060 534 4114 codice
553 4066 631 4113 msto.
651 4059 741 4126 operis
760 4056 888 4110 liciniani
911 4057 1025 4122 iactam,
1049 4057 1221 4114 Hxaonnms

96 4170 168 4208 anno
189 4156 253 4205 1559
271 4151 364 4205 edidit.
