2940 4808
149 317 295 380 xxxvm
567 305 847 366 rsoueoouuua,
927 285 929 291 ’

150 498 224 587 sed,
258 492 342 590 quod
369 491 466 584 longe
493 486 638 582 gravius,
675 486 701 557 si
730 489 899 581 epistolam
929 513 1002 562 eum
1031 514 1128 586 opere
1157 497 1270 558 nostro

150 621 342 709 contuleris,
392 639 603 713 permagnam
637 616 723 687 inter
762 628 937 712 utrumque
979 617 1136 713 scriptum
1171 615 1272 685 inter·

149 752 264 826 cedere
291 743 503 818 differentiam
531 742 684 814 facillime
711 743 883 838 intelliges.
927 743 963 814 ln
991 743 1043 815 illa
1071 744 1169 832 enirn,
1198 742 1273 813 licet

149 879 260 979 paucis
287 873 412 971 paginis
440 879 618 960 constante,
636 870 745 941 omnia
774 870 896 941 lervida
921 881 953 940 el
978 871 1147 961 concitata,
1166 871 1270 966 qualia

150 1004 286 1094 hornini,
303 1021 431 1072 summo
451 1019 526 1090 erga
545 995 775 1091 Imperatorem
796 996 950 1093 obsequio
970 1008 1002 1068 et
1019 1021 1141 1088 amore,
1164 1022 1270 1093 neque

151 1135 262 1207 minus
288 1149 398 1200 rerum
430 1125 636 1220 propriarum
665 1146 722 1218 spe
748 1133 781 1193 et
807 1146 885 1193 cura
911 1137 1094 1216 commoto,
1121 1126 1153 1196 in
1182 1136 1270 1196 taum

151 1257 338 1333 discrimine
365 1251 572 1322 conveniunt.
616 1249 652 1319 ln
680 1273 778 1345 opere
805 1261 917 1322 nostro
943 1275 1018 1324 vero
1045 1253 1154 1324 omnia
1182 1276 1272 1324 com·

150 1387 254 1486 posita
280 1392 312 1453 et
338 1377 509 1466 elaborata,
527 1399 608 1472 quae
626 1376 729 1447 otium
757 1376 873 1471 quietis
900 1378 1096 1452 domesticae
1124 1381 1271 1452 redolere

149 1514 307 1590 videntur.
360 1505 485 1576 lllodica
523 1504 735 1599 eloquentiae,
762 1504 849 1576 nulla
884 1506 952 1578 fere
986 1508 1086 1578 animi
1113 1507 1272 1602 exagitati,

151 1635 389 1739 quamplurima
422 1632 744 1726 argumentationum
781 1632 1045 1705 scholasticarum
1084 1635 1273 1730 specimina,

151 1788 231 1864 quae
259 1784 324 1832 non
361 1782 434 1829 raro
468 1759 636 1855 frigidiora
663 1760 781 1854 potius,
808 1783 904 1854 qnam
927 1760 971 1834 ,ad
1006 1761 1270 1856 persuadendum

150 1904 220 1990 apta
248 1888 319 1984 quis
335 1886 459 1957 dixerit.
505 1885 603 1956 Multa
623 1885 662 1956 de
677 1884 805 1979 juribus
823 1885 1040 1981 Imperatoris,
1058 1887 1114 1958 sed
1134 1889 1271 1960 omnino

150 2019 237 2094 nulla
274 2013 353 2085 certi
390 2010 556 2105 cujusdam
594 2012 820 2108 Imperatoris,
857 2014 909 2084 cui
946 2025 1059 2085 auctor
1095 2015 1203 2086 officio
1242 2026 1273 2086 et

149 2150 265 2246 pietate
284 2165 319 2212 se
338 2139 472 2212 sentiret
490 2138 691 2230 obstrictum,
711 2139 840 2230 indicia,
858 2141 975 2232 nullae,
991 2142 1039 2212 vel
1065 2143 1135 2213 lere
1154 2143 1273 2234 nullae,

149 2275 188 2346 ad
216 2272 297 2342 facta
317 2266 499 2362 synchrono
518 2266 703 2337 allusiones.
725 2309 771 2318 -
787 2266 823 2336 ln
851 2291 890 2338 eo
918 2269 1015 2338 etiam
1033 2269 1170 2341 alterum
1191 2293 1273 2365 opus

150 2400 246 2472 distat
271 2395 311 2467 ab
338 2395 450 2483 altero,
476 2394 560 2489 quod
589 2392 774 2464 Monarchia
801 2390 867 2492 (lll.
898 2390 935 2490 3)
961 2395 1046 2466 inter
1072 2396 1272 2469 adversarios

149 2520 356 2620 Imperatoris
381 2520 489 2618 ipsum
509 2519 626 2615 Papam
654 2532 803 2592 recenset
821 2521 1012 2613 („Summus
1031 2522 1179 2613 Pontifex
1207 2580 1213 2593 .
1235 2579 1272 2595 ..

151 2651 219 2723 uelo
247 2650 383 2719 fortasse
402 2646 538 2718 clavium
689 2672 748 2719 nec
776 2673 842 2720 non
868 2650 921 2720 alii
1042 2651 1080 2721 de
1110 2651 1179 2723 uelo
1209 2652 1273 2723 for·

150 2801 219 2868 san,
247 2799 312 2846 non
340 2774 379 2845 de
406 2774 568 2870 superbia,
594 2776 874 2867 contradicunt“);
909 2775 1056 2872 Epistola
1082 2802 1157 2848 vero
1186 2777 1273 2849 llen·

150 2906 255 2976 ricum
290 2926 336 2971 eo
371 2901 467 2972 etiam
503 2902 636 2972 nomine
669 2904 894 2994 commendat,
934 2905 1020 3000 quod
1055 2904 1209 2977 Clemens
1237 2906 1272 2978 V.

151 3030 220 3125 ejus
254 3027 492 3124 expeditionem
527 3028 721 3102 benedicens
756 3031 913 3101 secundet
946 3030 1041 3123 („llic
1075 3042 1141 3124 est,
1175 3058 1273 3128 quem

151 3157 314 3245 Clemens,
334 3155 517 3227 nuncPelri
537 3180 716 3248 successor,
730 3157 801 3228 luce
816 3158 1019 3253 Apostolieae
1038 3160 1273 3232 benedictionis

151 3277 364 3381 illuminat“).

253 3409 312 3480 Vix
345 3409 438 3481 aliter
471 3434 567 3505 quam
602 3409 636 3480 in
664 3408 869 3500 Monarclria,
903 3410 977 3481 lieet
1011 3413 1114 3483 multo
1144 3413 1275 3486 brevius

151 3536 328 3608 earundem
349 3537 575 3632 quaestionum
602 3547 726 3632 partem
749 3538 782 3608 in
803 3535 955 3608 Convivio
976 3537 1038 3630 pv.
1058 3539 1091 3630 4,
1108 3541 1142 3631 5)
1162 3552 1275 3613 auctor

152 3673 262 3734 noster
300 3662 454 3733 tractmit.
513 3662 619 3734 Etiam
660 3665 693 3734 in
738 3665 799 3735 hoc
834 3690 949 3761 opere,
981 3666 1106 3737 vivente
1140 3667 1273 3740 Alberto

151 3790 338 3881 lustriaco,
365 3790 414 3861 vel
442 3799 528 3860 certe
561 3802 635 3862 ante
662 3793 853 3864 electionem
882 3792 1013 3865 Homini
1041 3792 1107 3864 Vll.
1142 3796 1275 3891 scripto,

149 3915 221 4010 jura
249 3918 379 4011 quidem
399 3916 636 4012 Imperatorum
656 3918 876 3990 delenduntur
901 3930 932 3990 et
950 3920 1168 4010 celebrantur3
1196 3925 1273 3994 certi

152 4066 227 4112 vero
261 4052 293 4113 et
318 4044 452 4116 viventis
479 4043 703 4140 Imperatoris,
725 4045 797 4139 jura
825 4071 882 4118 sua
910 4057 1019 4118 contra
1048 4051 1274 4144 usurpationes

155 4169 337 4241 Pontificias
364 4172 567 4263 vindicantis,
594 4173 720 4243 nullum
748 4173 915 4245 indicium.
964 4175 1047 4258 Quid
1074 4175 1174 4268 igitur
1201 4202 1274 4273 pro-
