2940 4808
241 326 300 388 132
485 330 619 385 DANTIS
637 329 856 386 MONARCHIA
873 330 929 384 nl:
940 331 970 386 O.
991 335 1030 384 14.
1048 334 1111 397 (13.)

238 501 361 584 aliquid
382 503 416 566 in
432 523 502 569 esse
517 502 671 588 producit.
708 503 802 569 Unde
818 523 914 584 quum
928 504 1074 569 Ecclesia
1087 523 1150 568 non
1171 502 1212 567 sit
1227 503 1365 570 effectus

239 607 387 687 naturae,
419 603 476 670 sed
504 605 576 688 Dei,
606 604 754 671 dicentis:
784 604 909 689 „Super
931 606 1012 670 hanc
1034 611 1158 689 petram
1180 604 1363 672 aedificabo

191 710 220 760 ¹5
238 706 416 771 Ecclesiam
437 706 572 790 meam“,
596 712 628 774 et
649 707 741 772 alibi:
765 706 874 790 „Opus
890 707 1115 789 consummavi,
1139 707 1224 787 quod
1240 705 1363 773 dedisti

238 808 316 872 mihi
344 813 378 872 ut
405 808 555 893 t'aciam“;
590 810 792 876 manifestum
826 813 888 891 est,
929 808 1014 890 quod
1044 808 1074 873 ei
1107 815 1220 895 natura
1252 810 1363 892 legem

238 930 301 975 non
324 911 420 976 dedit.

324 1010 390 1078 Sed
417 1033 476 1078 nec
510 1032 579 1096 per
614 1009 807 1094 divinam;
844 1012 945 1077 omnis
978 1031 1114 1092 namque
1150 1012 1260 1077 divina
1294 1013 1361 1095 lex,

239 1112 372 1179 duorum
394 1115 671 1179 Testamentorum
701 1113 822 1193 gremio
852 1113 1043 1180 continetur:
1076 1115 1108 1178 in
1137 1134 1200 1195 quo
1230 1114 1362 1197 quidem

188 1220 221 1270 ²0
238 1214 360 1296 gremio
382 1216 521 1301 reperire
536 1235 599 1280 non
621 1234 761 1298 possum,
784 1215 1007 1297 temporalium
1022 1214 1267 1280 sollicitudinem
1289 1218 1361 1283 sive

240 1337 346 1381 curam
369 1317 556 1399 sacerdotio,
579 1316 681 1399 primo
705 1316 757 1380 vel
779 1317 961 1399 novissimo,
979 1315 1234 1382 commendatam
1249 1317 1359 1383 fuisse.

238 1419 385 1499 Quinimc
417 1420 561 1504 invenio,
595 1415 776 1486 sacerdotes
804 1418 923 1501 primos
958 1418 999 1482 ab
1029 1418 1086 1482 illa
1117 1418 1156 1484 de
1185 1424 1360 1504 praecepto

238 1526 385 1604 remotos,
409 1527 443 1586 ut
464 1527 554 1607 patet
582 1544 640 1607 per
668 1542 707 1586 ea
737 1541 819 1603 quae
842 1520 930 1585 Deus
952 1519 995 1583 ad
1016 1520 1163 1604 Moysen,
1195 1527 1227 1586 et
1254 1541 1374 1586 sacer-1

238 1621 329 1688 dotes
352 1623 551 1706 novissimos,
574 1645 631 1708 per
652 1643 788 1704 eaquae
804 1622 947 1687 Christus
970 1621 1012 1685 ad
1035 1621 1216 1706 discipulos.
1254 1624 1360 1703 Quam

188 1729 219 1781 25
238 1721 368 1804 quidem
391 1724 495 1789 abeis
518 1744 589 1791 esse
611 1731 766 1790 remotam
779 1723 935 1808 possibile
949 1743 1012 1788 non
1027 1727 1120 1806 esset,
1144 1723 1172 1788 si
1194 1724 1361 1805 regiminis

214 1832 216 1836 '
237 1825 423 1908 temporalis
446 1826 618 1892 auctoritas
648 1847 668 1890 a
689 1825 867 1891 sacerdotio
894 1823 1093 1906 demanaret;
1126 1845 1221 1907 quum
1243 1828 1361 1892 saltem

238 1926 269 1990 in
302 1927 526 1993 auctorizandc
561 1928 743 1995 sollicitudo
776 1925 967 2012 provisionis
995 1926 1143 2008 instaret,
1179 1932 1211 1992 et
1241 1927 1360 1996 deinde

238 2031 364 2095 cautela
375 2029 532 2112 continua,
547 2051 588 2095 ne
599 2031 810 2096 auctorizatus
822 2051 842 2094 a
854 2027 980 2093 tramite
992 2027 1191 2094 rectitudinis
1204 2028 1359 2097 deviaret.

322 2130 415 2210 Quod
443 2138 549 2197 antem
577 2152 598 2195 a
620 2153 661 2198 se
683 2152 746 2197 non
768 2129 937 2213 receperit,
962 2126 1002 2194 de
1015 2129 1112 2193 lacili
1133 2134 1237 2213 patet:
1267 2131 1360 2198 Nihil

187 2240 220 2290 30
238 2236 288 2298 est
310 2232 395 2312 quod
417 2232 494 2298 dare
516 2233 633 2317 possit,
664 2231 749 2315 quod
776 2230 968 2297 nonhabet.
1020 2230 1113 2297 Unde
1143 2252 1235 2299 omne
1257 2253 1359 2316 agens

237 2332 376 2416 aliquid,
410 2340 483 2400 actu
517 2354 587 2400 esse
623 2335 688 2398 tale
721 2338 860 2418 oportet,
895 2332 988 2414 quale
1019 2351 1114 2413 agere
1145 2332 1294 2398 intendit:
1325 2340 1360 2400 ut

237 2436 372 2501 habetur
394 2435 502 2518 iniis,
527 2455 608 2517 quae
632 2434 673 2501 de
695 2434 882 2518 simplicIter
895 2434 987 2501 Ente.
1026 2431 1093 2499 Sed
1114 2440 1247 2519 constat,
1271 2437 1359 2517 quod

266 2637 287 2670 ¹³
304 2636 502 2703 Fraticellium,
543 2652 586 2691 me
629 2635 768 2700 suadente,
846 2637 869 2668 ²⁵
887 2637 920 2688 A.
940 2636 974 2688 H.
993 2634 1032 2688 M.
1050 2634 1080 2687 P.
1097 2634 1129 2687 V.
1149 2639 1176 2690 et
1195 2636 1269 2690 editt.
1287 2643 1357 2690 antt.

304 2721 398 2776 merito
425 2737 474 2789 pro
506 2722 583 2776 alind
615 2721 770 2775 exhibuisse
885 2721 1016 2791 possibile
1033 2737 1088 2774 nort
1106 2725 1147 2774 est

305 2805 413 2875 ailquid
429 2808 457 2859 ia
475 2822 532 2859 esse
547 2806 688 2877 producit,
706 2822 769 2874 pro·
849 2805 872 2837 ²⁷
889 2807 921 2858 A.
933 2806 1035 2860 Vcam
1053 2806 1147 2860 saltem
1159 2805 1358 2860 auctorizando

305 2889 353 2943 bat
370 2889 491 2944 ecdicum
510 2907 666 2946 consensus.
908 2891 939 2942 A.
958 2891 1112 2945 sollicitudo
1127 2891 1319 2963 promissionis

265 2975 287 3006 ¹⁶
303 2974 334 3027 P.
353 2976 502 3044 etfaciam
522 2977 603 3030 incrta
620 2983 660 3030 est
849 2976 873 3007 ²⁸
889 2975 921 3029 F.
940 2991 973 3028 ae
991 2982 1148 3031 auctoratus
1165 2993 1182 3029 a
1201 2977 1308 3029 truraile

266 3058 287 3091 ¹⁰
304 3057 336 3110 F.
367 3059 402 3111 H.
433 3059 465 3113 L.
501 3061 617 3115 dromon
654 3061 771 3114 testimo·
850 3061 872 3092 ⁸⁹
888 3059 973 3114 Editt.
1025 3060 1228 3114 adversantibus
1280 3060 1358 3114 libris

304 3144 409 3197 ntorum
892 3143 986 3213 msptis
1004 3145 1038 3198 de
1053 3146 1137 3215 facili
1147 3151 1227 3216 patet
1244 3146 1283 3202 sic

308 3330 327 3360 ¹⁴
346 3327 453 3383 Evsnc.
478 3331 632 3384 Marsuam
660 3345 718 3398 cap.
744 3329 815 3383 XVI.
842 3348 866 3384 u.
894 3335 933 3383 18.
1042 3333 1062 3364 ¹⁵
1085 3331 1203 3385 Eurus·
1217 3331 1358 3386 Jonsnurs

237 3412 295 3467 cap.
312 3396 400 3451 XVII.
418 3414 441 3450 v.
460 3403 485 3451 4.
556 3400 579 3431 ²³
596 3397 733 3452 Numeri
751 3413 809 3465 cap.
828 3398 928 3450 XVIII.
948 3414 1015 3452 vers.
1037 3402 1077 3451 20.
1097 3399 1244 3468 „Dixitque
1261 3399 1357 3454 Domi-

235 3482 286 3519 nus
304 3464 339 3518 ad
355 3465 462 3519 Aaron:
488 3466 519 3518 In
536 3471 610 3519 terra
634 3481 726 3519 eorum
744 3466 809 3518 nihil
826 3466 1012 3534 possidebitis,
1031 3482 1082 3520 nec
1100 3467 1233 3522 habebitis
1251 3474 1357 3536 partem

235 3534 378 3588 intereos.
415 3532 472 3602 Ego
494 3549 558 3602 pars
583 3538 611 3588 et
633 3533 768 3587 hereditas
792 3540 839 3588 tua
860 3535 888 3587 in
912 3535 999 3589 medio
1024 3535 1140 3589 liliorum
1164 3536 1275 3590 Israel“.
1314 3536 1355 3590 Ct.

237 3602 379 3656 Aneronrs
398 3601 588 3669 PurgatcrIum
605 3601 677 3655 XVI.
703 3606 761 3655 l3l:

476 3727 482 3738 .
512 3730 517 3741 .
547 3725 552 3735 .
582 3726 587 3737 .
617 3704 649 3741 or
667 3687 805 3764 (discerno,
818 3685 921 3757 percdd
938 3687 974 3741 da
992 3689 1117 3758 retappr'o

474 3755 510 3809 Li
522 3755 586 3825 fiplc'
601 3755 632 3808 ro·
646 3753 710 3808 Leuc
727 3755 831 3822 ferrono
849 3756 940 3808 esentr'.

239 3838 262 3869 ²⁴
279 3838 386 3893 Erana.
404 3839 559 3892 Msrrrmnr
577 3854 635 3907 cap.
655 3839 687 3892 X.
706 3854 774 3892 vers.
794 3844 822 3891 9:
849 3837 957 3902 „Nolite
983 3839 1120 3907 possidere
1136 3855 1244 3905 aurum,
1268 3855 1358 3909 neque

239 3910 385 3974 argeutum,
404 3922 437 3960 ne
457 3907 649 3975 depecuniam
668 3908 695 3960 in
712 3907 786 3961 zonis
804 3906 928 3960 restris.“
1000 3909 1021 3942 ³²
1039 3907 1231 3961 Arrsrornons
1250 3909 1358 3962 Meta-

238 3974 333 4043 phys.
354 3974 414 4029 Lib.
433 3975 443 4027 l
474 4018 479 4028 .
499 3980 594 4043 caps.
613 3975 684 4040 (lect.
696 3980 729 4037 t.)
747 3975 908 4028 transient.
937 3974 1065 4043 „Semper
1080 3976 1149 4029 enlm
1167 3991 1201 4029 ex
1218 3981 1359 4045 potestate

238 4045 307 4105 ente,
325 4041 356 4094 fit
374 4048 436 4096 actu
455 4058 502 4096 ens
520 4045 554 4096 ab
573 4050 636 4096 actu
654 4050 723 4107 ente,
743 4047 773 4096 ut
790 4043 869 4096 homo
888 4057 921 4096 ex
939 4043 1053 4103 homine,
1071 4045 1189 4097 musicus
1208 4059 1224 4097 a
1241 4045 1356 4106 musico.

237 4124 343 4178 semper
366 4117 487 4166 movente
510 4112 599 4190 aliquo
623 4115 717 4180 primo.
753 4110 864 4164 Morcus
888 4117 978 4165 autem
1001 4116 1065 4164 actu
1086 4112 1142 4179 jam
1167 4118 1220 4165 est:
1245 4112 1358 4168 DIctum

238 4182 279 4230 cst
296 4185 385 4232 autem
402 4180 429 4232 in
448 4180 615 4233 sermourbus
634 4179 668 4232 de
685 4178 846 4243 substantia,
864 4180 927 4245 quia
945 4195 1023 4233 omne
1040 4179 1112 4248 quod
1129 4179 1174 4244 fit,
1198 4179 1229 4233 fit
1254 4196 1288 4234 ex
1306 4182 1358 4235 ali-

237 4261 304 4313 quo,
324 4249 351 4300 et
369 4247 403 4299 ab
422 4247 526 4315 aliquo,
545 4252 572 4301 et
589 4247 641 4301 hoc
660 4246 750 4316 specie
767 4247 863 4303 idemr
