2940 4808
199 312 259 372 100
495 313 630 368 DANTIS
648 311 867 367 MONAROHIA
883 313 931 365 III.
950 313 977 367 0.
996 316 1020 367 4.

198 486 350 557 deviandi
373 486 469 552 etiam
498 487 532 551 in
552 492 768 551 transversum
796 489 851 549 aut
873 504 1058 567 perversum
1086 483 1133 551 ire
1156 484 1319 567 cogatur.“

198 587 325 655 Deinde
345 588 448 653 innuit
469 608 606 671 causam,
630 606 728 669 quare
751 585 928 651 cavendum
950 586 1067 652 sithoc
1087 586 1122 649 in
1143 587 1318 672 scripturis,

147 710 181 762 so
199 690 322 757 dicens:
351 690 537 773 „Titubabit
558 688 654 773 fides,
684 689 712 752 si
735 687 912 753 divinarum
940 687 1164 769 scripturarum
1186 691 1320 756 vacillat

199 790 400 858 auctoritas.“
443 792 513 875 ligo
536 796 642 857 autem
660 790 747 874 dico,
772 790 858 873 quod
880 789 908 853 si
929 788 1008 852 talia
1029 788 1146 855 fuerint
1167 789 1208 857 de
1230 791 1319 873 igno-

198 893 311 977 rantia,
335 893 532 979 correptione
548 892 717 973 diligenter
739 890 892 974 adhibita,
915 889 1143 971 ignoscendum
1158 897 1216 977 est,
1238 895 1322 960 sicut

198 994 427 1078 ignoscendum
456 1000 542 1060 esset
568 994 632 1078 illi,
663 994 717 1077 qui
744 994 869 1059 leonem
896 992 930 1056 in
957 992 1094 1057 nubibus
1121 993 1319 1063 formidaret.

200 1096 528 1179 1111111111,
557 1116 620 1163 non
648 1096 741 1162 aliter
770 1115 841 1160 cum
870 1095 916 1158 sio
944 1093 1121 1160 errantibus
1151 1102 1202 1162 est
1223 1117 1321 1179 agen-

149 1217 181 1268 55
200 1199 292 1282 dum,
324 1218 418 1280 quam
448 1218 519 1262 eum
546 1197 704 1282 tyrannis,
738 1196 793 1279 qui
820 1196 949 1279 publica
976 1196 1051 1280 jura
1078 1218 1142 1263 non
1170 1197 1214 1262 ad
1235 1220 1321 1265 com-

199 1322 326 1368 munem
355 1300 526 1364 utilitatem
556 1303 744 1382 sequuntur,
776 1296 834 1363 sed
867 1298 909 1363 ad
942 1299 1104 1382 propriam
1136 1306 1322 1383 retorquere

200 1408 360 1470 conantur.

285 1502 334 1571 Oh
358 1522 514 1569 summum
529 1503 660 1586 lacinus,
678 1501 803 1568 etiamsi
818 1501 980 1582 contingat
994 1502 1028 1566 in
1042 1503 1183 1587 somniis,
1201 1504 1323 1571 aeterni

202 1605 339 1690 Spiritus
361 1604 534 1670 intentione
549 1604 652 1668 abuti!
682 1603 755 1670 Non
778 1602 862 1668 enim
876 1607 1027 1687 peccatur
1048 1603 1082 1667 in
1095 1604 1238 1690 Moysen,
1259 1626 1324 1672 non

150 1725 183 1780 cc
201 1707 234 1771 in
256 1706 380 1789 David,
409 1726 472 1772 non
493 1706 527 1769 in
547 1706 626 1789 Job,
656 1726 719 1771 non
746 1704 780 1768 in
800 1704 1013 1788 Matthaeum‚
1039 1707 1152 1771 necin
1174 1707 1323 1792 Paulum,

201 1805 314 1872 sedin
337 1805 490 1892 Spiritum
513 1806 678 1890 Sanctum,
702 1807 755 1888 qui
778 1805 917 1887 loquitur
937 1805 970 1869 in
992 1807 1066 1872 illis.
1105 1809 1189 1873 Nam
1212 1828 1323 1891 quam-

201 1929 297 1992 quam
320 1911 444 1976 scribae
467 1907 567 1974 divini
590 1908 708 1990 eloquii
722 1908 815 1973 multi
836 1907 907 1990 sint,
930 1909 1041 1973 unicus
1063 1912 1170 1974 tamen
1186 1909 1325 1977 dictator

202 2012 251 2074 est
272 2009 374 2092 Deus,
405 2011 459 2092 qui
481 2010 714 2091 beneplacitum
737 2029 827 2074 suum
849 2009 942 2075 nobis
964 2012 1215 2094 permultorum
1238 2012 1323 2077 cala

202 2129 270 2176 mos
293 2111 454 2196 explicare
476 2111 625 2193 dignatus
648 2115 704 2176 est.

229 2294 253 2326 55
268 2294 338 2347 Edd.
364 2296 392 2348 z'a
416 2301 597 2349 transversum
620 2302 646 2350 et
670 2312 736 2368 per-

269 2394 374 2432 versum
393 2381 504 2449 irequr's
515 2384 638 2450 cupatur.
662 2380 736 2447 Quae

270 2462 390 2518 dedimus
408 2464 543 2519 habentur
566 2465 594 2519 in
611 2465 735 2520 omnibus

270 2553 297 2602 et
333 2548 526 2602 confirmantur
559 2564 608 2617 per
648 2549 737 2618 ipsum

268 2633 413 2700 Augustini
429 2638 539 2687 textum.

230 2718 262 2781 ⁵¹,
275 2719 298 2750 ⁵²
315 2717 457 2786 Sequimur
474 2717 551 2773 codd.
567 2720 599 2772 A.
610 2719 649 2772 M.
663 2719 693 2772 P.
704 2749 738 2759 -

271 2802 355 2855 Paulo
374 2803 451 2856 aliter
468 2802 507 2856 H:
533 2803 608 2873 quod
630 2805 656 2858 sr'
675 2803 738 2857 talis

270 2887 359 2956 faerit
387 2889 530 2958 ipuorarrs,
566 2890 738 2959 ipocrantr'ae

271 3002 304 3010 —
314 2972 346 3024 F.
357 2971 388 3024 L.
400 2971 442 3024 V:
456 2972 531 3042 qood
546 2973 572 3026 sr'
589 2973 656 3026 talia
667 2973 739 3042 fierit

271 3055 305 3109 de
326 3058 485 3126 ipnorcatr'a
505 3088 539 3095 —
565 3056 636 3110 Edd.
665 3057 740 3128 quod

272 3141 298 3193 si
327 3140 393 3193 talia
426 3140 460 3194 de
486 3142 643 3213 iquorcntic
669 3159 737 3214 pro-

272 3225 382 3277 recitant

232 3309 255 3340 ⁵²
271 3307 309 3360 M.
341 3313 457 3379 corrept.
492 3309 616 3381 ditipentr'
647 3309 737 3364 aucto.

273 3392 375 3447 Contra
409 3393 567 3447 hodiernum
603 3393 739 3449 scribendi

272 3478 381 3532 modum
391 3478 550 3532 retinuimus
560 3480 739 3549 correptione,

273 3562 344 3632 quod
368 3563 470 3617 habent
497 3562 572 3616 codd.
605 3567 633 3616 et
656 3562 740 3627 editt,

274 3664 355 3717 quum
373 3647 521 3702 videremus
540 3662 590 3701 nec
607 3648 740 3717 Hierony·

273 3748 347 3785 mum
380 3732 410 3785 in
441 3732 558 3800 Vulgata
592 3732 740 3787 Bibliorum

273 3817 395 3870 versione
413 3818 491 3872 aliter
509 3817 649 3886 scripsisse

291 3901 323 3955 F.
343 3903 534 3972 renascendum
553 3907 622 3955 esset

234 3985 264 4050 ⁵²,
276 3985 298 4018 55
308 3985 398 4039 Verba
407 3988 477 4041 sicat
486 3985 678 4057 iquoseerrdam
691 3985 738 4039 ab·

275 4072 373 4123 sunta
391 4070 467 4125 codd.
486 4073 517 4124 A.
537 4071 568 4124 F.
590 4078 617 4125 et
633 4071 673 4124 M.
698 4071 740 4123 llli

276 4223 299 4253 55
316 4222 493 4275 Accusamus
512 4224 529 4276 l.
549 4239 571 4276 c.
592 4239 651 4291 cap.
671 4228 711 4276 37.

854 2299 996 2363 praeterea
1012 2301 1145 2364 respuunt
1163 2300 1240 2364 esset,
1253 2296 1326 2365 quod

855 2380 988 2448 sequitur3
1015 2378 1060 2433 hic
1083 2385 1124 2434 est
1147 2380 1219 2449 quod
1243 2397 1325 2450 prae-

856 2463 935 2518 cedit.

811 2540 838 2582 55
854 2548 888 2600 Η.
907 2548 940 2602 Sr'
955 2565 1017 2602 vero
1038 2565 1075 2603 ecc
1093 2550 1230 2604 industria

815 2634 844 2700 ⁵⁴,
865 2635 887 2666 55
904 2635 937 2686 A.
956 2650 1016 2688 cum
1035 2636 1075 2688 sic
1092 2635 1275 2705 11111111-
1290 2633 1327 2687 Η.

856 2735 916 2773 corr
934 2733 965 2772 eo
983 2720 1022 2773 sic
1041 2723 1162 2773 certante

814 2804 837 2836 55
854 2803 885 2856 Ρ.
905 2819 963 2858 cam
984 2805 1097 2857 tiramus
1109 2820 1165 2873 per
1177 2802 1293 2873 publica

815 2887 838 2920 55
855 2887 893 2940 M.
912 2888 961 2941 sed
977 2887 1145 2959 adpropriet

875 2971 1041 3027 Praeferrem
1084 2972 1258 3041 detorquere.
1303 2971 1329 3026 si

857 3057 1004 3110 haberetur
1020 3057 1048 3110 in
1066 3055 1143 3110 codd.

817 3144 839 3176 55
857 3143 889 3196 Α.
910 3141 942 3195 L.
958 3141 995 3194 M.
1014 3141 1044 3196 P.
1063 3142 1168 3195 etiamsi
1184 3142 1329 3212 coatiapct

857 3227 886 3280 irc
904 3227 1005 3280 somnis
1026 3256 1061 3264 -
1080 3225 1113 3278 V.
1132 3226 1240 3280 etiamsi
1256 3230 1329 3281 cont.

856 3313 885 3365 ia
902 3312 1036 3382 supremis

874 3395 904 3448 P.
922 3395 1021 3448 omittit
1038 3397 1144 3449 oeterni

818 3480 842 3513 55
859 3479 892 3532 Η.
911 3495 999 3548 aeque
1016 3480 1044 3532 r'n
1055 3478 1260 3533 Paulum-A.
1281 3496 1329 3534 ne·

859 3580 912 3633 que
929 3565 1010 3618 ettam
1028 3562 1190 3617 Pectum-
1207 3563 1239 3616 L.
1250 3563 1280 3617 P.
1290 3564 1327 3616 V.

858 3665 913 3702 1111
940 3650 967 3702 ic
996 3646 1075 3701 Pcrrl.
1103 3677 1137 3686 -
1171 3647 1209 3700 M.
1237 3664 1330 3718 neque

856 3738 964 3803 patrem

816 3818 840 3850 55
857 3817 888 3870 F.
907 3817 938 3870 P.
959 3819 1008 3887 qai
1025 3816 1145 3886 loquatur
1162 3816 1218 3870 illis

816 3901 839 3934 55
856 3900 924 3954 Edd.
943 3903 1089 3972 scriptores
1106 3900 1193 3955 diroti
1208 3900 1315 3971 eloquii

876 3985 907 4038 F.
925 3985 1082 4039 multisunt
