2940 4808
380 331 515 387 DANTIS
532 331 752 388 MONAROHIA
768 333 817 387 ΠΙ.
835 332 865 389 G.
885 339 907 388 6.
927 339 951 387 7.
1171 331 1231 392 107

109 501 260 570 struendo
288 503 349 570 sio:
384 504 488 570 Homo
517 508 623 587 potest
651 504 762 571 audire
791 509 823 572 et
851 503 976 588 videre;
1016 525 1091 589 ergo
1120 506 1229 572 ooulus
1248 527 1281 578 30

109 610 217 692 potest
244 604 356 672 audire
386 612 418 670 et
446 603 570 688 videre,
601 611 633 672 et
655 607 716 673 hoo
737 627 800 674 non
824 602 919 673 t'enet.
964 607 1101 674 Teneret
1123 613 1230 675 autem

108 706 303 774 destructive
324 707 385 772 sio:
407 707 511 773 Homo
533 727 597 773 non
618 714 725 793 potest
751 709 876 790 volare,
907 726 982 790 ergo
1011 728 1069 774 neo
1098 709 1229 775 braohia

107 808 245 875 hominis
267 814 399 892 possunt
420 809 540 875 volare.
577 810 618 873 Et
640 810 786 877 similiter
808 811 867 876 sio:
890 811 978 875 Deus
1000 830 1058 895 per
1080 811 1229 878 nuncium

106 909 212 976 faeere
233 929 298 976 non
318 915 438 994 potest,
461 910 570 991 genita
591 931 655 977 non
676 931 748 979 esse
771 912 894 995 genita,
920 913 1015 997 juxta
1037 913 1229 979 sententiam

106 1011 301 1095 Agathonis5
326 1030 402 1094 ergo
423 1031 483 1077 neo
504 1011 642 1078 vicarius
665 1012 735 1096 ejus
756 1014 862 1080 faeere
884 1018 998 1097 potest.
1246 1038 1278 1090 ³5

565 1212 687 1301 [curun
709 1220 778 1295 vm]

193 1362 373 1430 Adsumunt
395 1367 491 1432 etiam
508 1365 548 1434 de
569 1368 878 1436 literaMatthaei
894 1369 1098 1452 Magorum
1120 1369 1226 1435 obla-

106 1467 271 1551 tionem,
300 1466 443 1534 dioentes
466 1468 626 1534 Christum
647 1470 806 1554 recepisse
835 1470 929 1535 simul
952 1470 1025 1535 thus
1051 1477 1084 1537 et
1106 1492 1226 1556 aurum,

105 1566 149 1633 ad
178 1566 419 1648 significandum
448 1570 587 1656 seipsum
614 1569 775 1637 dominum
804 1577 836 1636 et
866 1571 1110 1653 gubernatorem
1133 1573 1225 1658 spiri-

105 1669 240 1735 tualium
260 1674 293 1735 et
314 1672 544 1756 temporalium.
588 1673 639 1737 Ex
661 1691 723 1754 quo
745 1672 896 1756 inferunt,
928 1671 1046 1737 Christi
1072 1672 1227 1739 vinarium

105 1769 268 1837 dominum
298 1777 330 1838 et
361 1774 606 1854 gubernatorem
634 1773 820 1858 eorundem3
856 1778 902 1855 et,
932 1794 990 1857 per
1018 1793 1259 1861 consequens‚5

105 1872 224 1939 habere
246 1877 449 1956 utrorumque
471 1875 701 1942 auctoritatem.

190 1973 242 2039 Ad
269 1974 331 2040 hoo
360 1975 571 2061 respondens,
600 1977 726 2044 literam
754 1975 909 2041 Matthaei
940 1981 972 2041 et
999 1995 1127 2041 sensum
1153 1998 1225 2044 oon-

103 2074 209 2145 fiteor:
232 2073 291 2142 sed
313 2075 399 2157 quod
422 2098 462 2144 ex
483 2078 541 2144 illa
563 2078 678 2145 inferre
701 2083 869 2160 conantur,
895 2077 928 2140 in
951 2077 1085 2144 termino
1109 2077 1225 2145 delinit.

106 2177 305 2264 syllogizant
327 2177 411 2243 enim
433 2179 493 2245 sio:
515 2181 604 2245 Deus
627 2187 675 2246 est
697 2180 843 2246 dominus
866 2178 1079 2261 spiritualium
1094 2185 1126 2246 et
1146 2185 1225 2246 tem-

129 2381 161 2446 ³⁰,
172 2381 195 2414 ³¹
210 2380 244 2433 H.
255 2378 345 2434 Homo
355 2385 450 2450 potest
462 2379 559 2443 videre,
572 2397 637 2452 erqo
733 2380 794 2434 ³H.
813 2380 850 2434 ad
873 2379 1071 2451 desiqnoadum
1095 2413 1129 2420 -
1154 2381 1225 2438 Edd.

170 2473 198 2519 et
214 2464 322 2531 audire,
340 2481 407 2536 erqo

188 2549 221 2602 F.
238 2548 273 2603 m
285 2555 313 2604 et
321 2549 353 2602 L.
371 2555 493 2618 utroque,
512 2551 545 2602 A.
560 2552 587 2602 et
597 2548 636 2602 M.

113 2644 116 2648 ’
171 2634 305 2700 seeundo,
337 2634 369 2688 P.
401 2639 428 2699 (a
460 2650 512 2704 quo
538 2634 637 2688 absunt

170 2717 253 2772 rerba
261 2734 328 2789 erqo
339 2718 531 2790 oculuspotest
540 2718 637 2773 audire

170 2808 197 2856 et
220 2802 320 2870 videre)
348 2804 434 2872 primo
457 2803 518 2857 loco
546 2803 637 2856 videre

170 2893 197 2941 et
214 2887 311 2942 audire

13 2951 16 2959 ’
130 2972 154 3006 ³²
169 2972 203 3025 A.
226 2971 259 3024 L.
282 2971 314 3025 P.
334 2971 447 3027 Tuaeret
469 2979 559 3027 autem
584 2972 638 3027 dis·

170 3059 269 3110 eretr'oe

129 3141 201 3194 ³³1².
219 3141 250 3195 P.
268 3139 392 3196 similiter
408 3142 464 3197 sie:
481 3142 507 3196 si
523 3141 597 3196 Deus

130 3225 154 3259 ³⁶
170 3225 204 3279 F.
221 3227 283 3296 ejus
300 3226 419 3280 vicarius
435 3224 488 3281 hoe
503 3227 559 3296 foe.

102 3309 168 3379 (lap.
186 3309 245 3362 VII.
281 3309 389 3364 2Εᾱίῐῐ.
399 3310 500 3379 antiqu.
518 3310 637 3366 dieentes

170 3394 260 3465 ipsum
277 3397 413 3465 recepisse

187 3479 218 3533 F.
235 3495 325 3551 recep.
345 3478 407 3533 thus

186 3565 219 3618 A.
247 3581 358 3628 aarum,
394 3561 456 3617 thus
488 3570 514 3617 et
540 3565 637 3618 miram

170 3649 197 3715 (i.
215 3664 238 3703 e.
256 3649 402 3718 myrrham)

758 2469 825 2519 antt.
844 2464 882 2519 ad
897 2465 1062 2538 sternendum

774 2549 844 2603 Eud.
866 2551 984 2620 seipsum
1009 2565 1067 2604 esse
1088 2549 1226 2605 domiuum

732 2636 743 2668 ⁶
760 2634 792 2687 V.
811 2633 911 2707 hebere
927 2651 1017 2688 verum
1035 2641 1139 2689 auctor.

731 2721 743 2753 ⁷
759 2719 794 2772 H.
812 2718 845 2772 V.
865 2719 910 2772 Ad
926 2718 977 2773 hoe
995 2719 1146 2790 respondeo

733 2804 744 2836 ⁸
760 2803 792 2857 F.
810 2803 1083 2858 extermiao—LP.
1102 2805 1226 2859 interimo

757 2893 860 2952 (vocem
877 2887 969 2957 deficit
986 2888 1114 2943 omittunt
1131 2905 1225 2944 omnes

756 2966 838 3026 mahu
846 2974 969 3040 exarati.)
978 3003 1011 3012 -
1024 2973 1095 3027 Edd.
1110 2976 1177 3027 antt.
1197 2975 1226 3028 ia

757 3058 871 3111 termino
889 3051 1019 3127 deficiunt
1030 3067 1059 3099 -'
1073 3058 1160 3112 Paulo
1175 3058 1223 3112 ali·

756 3147 799 3196 ter
821 3141 933 3197 Fioinus
960 3142 1088 3198 habuisse
1104 3142 1225 3198 uidetur:

756 3243 801 3280 rna
823 3227 938 3282 intuito
964 3245 1033 3299 nepo
1051 3227 1157 3298 quello,
1176 3227 1226 3283 else

756 3311 787 3365 di
803 3312 853 3382 qui
868 3313 894 3366 si
908 3313 1042 3382 ssorzouo
1060 3313 1204 3384 &inferire

733 3396 745 3429 ⁹
761 3396 793 3449 L.
812 3394 950 3451 stanneam
974 3398 1044 3451 enim
1070 3399 1110 3452 sio
1136 3427 1167 3437 -
1194 3397 1224 3450 P.

757 3479 886 3536 Similem
903 3499 944 3536 eo.
962 3484 1002 3537 sie

171 3834 536 3889 ³⁵An1snonnnnsllthio.
554 3834 747 3890 Nicom.Vl.
773 3839 797 3888 2.
823 3835 955 3896 (translat.
981 3839 1060 3899 antl:
1089 3834 1224 3899 „Factum

102 3907 198 3986 autem
218 3918 272 3957 non
296 3901 428 3984 contingit
451 3902 602 3984 non-fieri..
632 3903 748 3971 Propter
772 3902 843 3971 quod
866 3907 939 3957 recte
957 3903 1132 3970 Agathou:
1160 3902 1223 3957 Solo

103 3986 249 4096 ‘moll
262 3970 343 4094 iil⁸
360 3970 742 4093 lathofflhilhmss
777 3970 922 4092 lille
940 3976 1085 4093 het...
1107 4037 1214 4092 a...

101 4055 264 4163 iuvenalis
280 4122 394 4175 puerum
417 4123 478 4161 oum
495 4106 584 4160 Maria
606 4111 692 4161 matre
710 4107 783 4175 ejus,
810 4112 838 4160 et
855 4079 1025 4175 prosilientes
1043 4079 1223 4161 adoraverunt

102 4190 177 4242 eum,
202 4179 229 4228 et
246 4176 348 4242 apertis
370 4175 506 4230 thesauris
524 4176 580 4230 suis
605 4176 762 4230 obtulerunt
780 4175 804 4228 ei
820 4189 945 4229 munera:
975 4190 1085 4240 aurum,
1104 4175 1180 4239 thus,
1196 4180 1223 4229 et

101 4245 262 4314 myrrham.“
