2940 4808
153 306 233 363 xxx
562 297 846 354 recusandum.
967 258 971 263 ²

154 479 264 557 XLlV.
296 479 327 549 1.
368 474 484 567 „Nulla
517 473 568 544 lex
603 473 722 570 populo
757 473 941 549 Christiano
976 490 1025 550 est
1057 479 1182 571 danda,
1216 483 1280 554 uisi

204 608 306 706 ipsius
324 604 428 699 Papae
447 602 645 693 anctoritate,
659 603 744 674 sicut
754 627 814 673 nec
824 603 928 699 aliqua
940 604 991 675 lex
1001 607 1062 679 luit
1074 607 1147 679 data
1158 608 1282 704 populo

205 733 393 823 lsraelitico,
429 730 490 802 nisi
520 729 681 801 mediante
709 728 817 824 Moyse
837 785 957 804 .....
978 731 1070 805 Sicut
1095 733 1280 831 Imperator

204 863 320 959 recipit
354 885 369 931 a
403 858 485 954 Papa
520 856 648 951 imperii
685 858 914 952 temporalium
948 859 1280 954 administrationem,

203 992 250 1063 sio
263 989 303 1061 ab
317 1012 355 1059 eo
367 985 482 1080 recipit
494 984 602 1077 legum
616 996 647 1054 et
657 994 849 1056 statutorum
863 984 933 1079 ejus
942 988 1209 1083 approbationem
1223 1044 1254 1060 ..
1271 1045 1279 1060 .

204 1118 296 1190 Siout
324 1112 393 1207 ejus
420 1111 533 1182 electio
569 1120 601 1181 et
627 1112 831 1184 confirmatio
858 1139 875 1183 a
902 1114 985 1210 Papa
1014 1115 1194 1210 dependet,
1228 1121 1278 1190 sic

203 1248 313 1341 legum
341 1252 374 1312 et
399 1250 594 1311 statutorum
623 1238 843 1334 approbatio.“

151 1406 263 1482 xttV.
293 1405 327 1474 4.
372 1402 485 1495 „Sicut
511 1424 569 1498 per
596 1400 715 1495 Papam
743 1399 923 1496 Imperator
949 1414 980 1473 et
1005 1406 1112 1476 omnis
1130 1417 1279 1501 potestas

202 1532 393 1621 instituitur,
419 1530 446 1600 si
465 1529 549 1601 bona
569 1539 627 1619 est,
651 1539 681 1598 et
701 1529 883 1624 corrigitur,
910 1532 936 1602 si
957 1556 1021 1602 non
1041 1534 1125 1605 bona
1144 1544 1204 1624 est,
1231 1535 1275 1606 ita

203 1659 311 1732 omnis
330 1657 391 1749 lert,
407 1682 424 1728 a
438 1680 644 1754 quocumque
657 1655 788 1747 seratur,
806 1681 864 1752 per
875 1683 949 1730 eum
970 1670 1018 1730 est
1030 1659 1275 1756 comprobanda

201 1790 228 1860 si
249 1787 332 1858 bona
352 1785 403 1876 sit,
429 1793 461 1854 et
478 1808 536 1880 per
563 1793 707 1855 eum‘est
725 1784 928 1880 corrigenda,
955 1787 980 1858 si
1009 1811 1075 1858 nou
1093 1786 1180 1859 bona
1198 1789 1276 1860 sit“

149 1949 273 2025 XLVll.
293 1949 326 2020 3.
356 1946 413 2039 „Si
433 1943 627 2018 examinatio
644 1957 676 2016 et
694 1944 896 2018 confirmatio
915 1947 1123 2042 lmperatoris
1148 1960 1275 2043 spectat

200 2077 239 2150 ad
267 2076 398 2172 Papam,
414 2084 552 2170 oportet,
575 2072 661 2170 quod
680 2071 899 2168 imperialium
926 2074 1035 2170 legum
1056 2074 1275 2169 confirmatio,
1348 2126 1351 2131 -

200 2205 248 2276 vel
280 2201 466 2299 reprobatio
501 2200 651 2272 similiter
686 2199 724 2272 ad
753 2200 859 2296 ipsum
894 2210 1017 2298 spectet
1035 2256 1148 2276 .....
1177 2202 1274 2276 Sicut

200 2332 308 2403 omnis
343 2328 477 2402 scientia
512 2327 701 2400 humanitus
736 2327 883 2419 inventa,
914 2339 963 2400 est
998 2330 1204 2426 imperfecta,
1240 2343 1273 2404 et

199 2458 355 2557 quaedam
394 2455 507 2527 umbra
550 2464 698 2551 respectu
733 2454 857 2526 divinae
890 2456 1060 2548 scientiae,
1093 2457 1141 2529 sic
1174 2458 1274 2556 Papa,

199 2586 251 2684 qui
268 2593 317 2655 est
331 2584 507 2654 armarium
527 2581 645 2653 Sacrae
660 2581 848 2679 scripturae,
867 2583 962 2655 debet
976 2584 1163 2680 imperiales
1179 2586 1272 2681 leges

197 2713 360 2785 declarare
387 2720 419 2780 et
445 2710 630 2807 supplere.“

147 2961 234 3018 AUG.
259 2960 318 3014 tta.
336 2959 358 3012 1.
381 2965 400 3012 Ι.
420 2957 488 3022 [EX.
508 2957 536 3011 S.
553 2956 786 3012 BERNHARDO
805 2958 856 3012 DE
875 2957 1113 3014 constituunt.
1138 2961 1198 3014 LIB
1218 2961 1269 3018 VI.

418 3058 594 3115 GOLDAST.
613 3059 643 3112 P.
661 3063 712 3124 83.]
732 3059 774 3123 (D.
793 3057 880 3114 MON.
901 3061 948 3114 III.
967 3065 1002 3121 o)

196 3253 302 3337 Quem
332 3251 476 3344 gladium
505 3248 564 3350 (sc.
589 3247 817 3348 temporalem)
846 3263 936 3323 tuum
966 3255 1023 3340 (sc.
1041 3251 1155 3349 Papae)
1183 3279 1270 3347 csse,

196 3380 249 3475 qui
279 3389 384 3473 negat,
417 3379 586 3450 nonsatis
614 3380 739 3450 ridetur
764 3377 930 3449 attendere
955 3375 1091 3452 'verbum
1121 3379 1269 3475 Domini,

195 3506 332 3577 dicentis
368 3507 431 3577 sic:
465 3516 637 3597 „converte
677 3505 820 3598 gladium
859 3516 970 3577 tuum
1012 3508 1044 3577 in
1082 3510 1266 3601 raginam“.

196 3633 307 3704 Tuus
335 3656 412 3726 ergo
434 3632 559 3726 gladius
576 3633 796 3728 evaginandus
812 3643 861 3704 est
874 3634 913 3704 ad
942 3645 1054 3704 tuum
1072 3635 1265 3729 imperium3

194 3759 350 3855 alioquin,
376 3759 402 3831 si
431 3759 519 3830 nullo
540 3760 637 3831 modo
656 3760 694 3831 ad
711 3770 742 3832 te
759 3761 946 3856 pertineret,
976 3759 1159 3833 dicentibus
1177 3764 1264 3861 Apo·

194 3887 303 3958 stolis:
338 3885 444 3977 „Ecce
471 3888 537 3958 duo
565 3887 661 3982 gladii
690 3887 780 3979 lric,“
814 3911 879 3958 non
908 3887 1130 3982 respondisset
1163 3891 1262 3980 „satis

194 4015 272 4104 est“,
300 4013 368 4105 sed,
395 4038 480 4086 unus
507 4026 565 4088 est.
619 4015 764 4087 Potestas
793 4038 871 4109 ergo
894 4011 1132 4108 jurisdictionis
1168 4019 1262 4113 spiri·

193 4139 328 4211 tualium
357 4153 388 4212 et
415 4142 642 4238 temporalium
679 4141 864 4213 immediata
898 4153 947 4212 est
981 4143 1013 4214 in
1049 4143 1118 4214 solo
1145 4142 1262 4240 Papa.“
