2940 4808
449 316 582 371 DANTIS
600 313 819 371 MONAROHIA
836 313 883 368 ΙΙΙ.
903 313 932 368 0.
951 319 974 368 3.
1231 309 1271 371 93

237 487 416 555 Summus
431 485 568 571 namque
583 487 701 554 Ponti
711 487 793 569 fex,
810 486 940 552 Domini
955 487 1054 552 nostri
1065 486 1143 553 Jesu
1155 486 1274 553 Christi

149 591 312 675 Vicarius,
342 597 373 656 et
395 591 482 658 Petri
504 610 680 672 successor,
711 588 762 653 cui
783 608 847 654 non
871 587 1026 670 quidquid
1050 588 1192 673 Christo,
1216 589 1273 655 sed
1292 609 1323 660 25

151 692 308 776 quidquid
329 694 423 760 Petro
440 692 609 776 debemus,
632 692 701 756 nelo
723 692 859 757 fortasse
883 690 1036 774 clavium,
1059 712 1117 758 nec
1139 713 1203 758 non
1217 694 1274 758 alii

151 813 284 878 gregum
313 794 563 860 Christianorum
591 798 752 878 pastores,
782 798 814 857 et
843 792 913 875 alii,
939 812 1033 876 quos,
1064 792 1174 877 credo,
1204 796 1273 863 zelo

152 897 221 963 solo
243 897 354 961 matris
381 897 545 964 Ecclesiae
567 894 763 978 promoveri,
794 895 936 979 veritati,
972 915 1067 976 quam
1090 901 1274 964 ostensurus

152 1012 231 1080 sum,
255 997 295 1065 de
317 998 385 1065 zelo
408 999 515 1065 forsan
538 995 587 1080 (ut
609 995 701 1081 dixi),
724 995 843 1062 nonde
865 997 1022 1081 superbia,
1047 997 1272 1065 contradicunt.

238 1099 376 1180 Quidam
404 1121 479 1167 vero
508 1100 579 1184 alii,
618 1119 750 1181 quorum
785 1097 945 1163 obstinata
981 1098 1139 1181 cupiditas
1167 1101 1275 1167 lumen
1293 1119 1324 1170 30

151 1203 285 1268 rationis
307 1204 460 1287 extinxit,
490 1208 536 1286 et,
567 1201 642 1266 dum
665 1221 706 1267 ex
727 1205 818 1284 patre
841 1199 971 1266 diabole
994 1205 1081 1284 sunt,
1110 1200 1274 1269 Ecclesiae

156 1323 191 1371 se
213 1303 297 1371 filios
321 1325 391 1371 esse
415 1304 540 1390 dicunt,
570 1327 633 1372 non
655 1305 759 1371 solum
786 1303 820 1368 in
847 1301 909 1368 hae
931 1303 1116 1383 quaestione
1138 1303 1275 1386 litigium

154 1411 293 1489 movent,
317 1405 374 1472 scd
396 1408 603 1473 sacratissimi
623 1408 825 1491 Principatus
846 1406 1038 1470 vocabulum
1059 1406 1274 1491 abhorrentes,

154 1499 348 1591 superiorum
365 1509 586 1590 quaestionum
601 1516 632 1576 et
640 1509 734 1594 hujus
740 1507 898 1594 principia
904 1507 1104 1591 impudenter
1114 1513 1274 1590 negarent.

242 1609 320 1674 Sunt
343 1611 440 1676 etiarn
461 1611 592 1695 tertii,
623 1631 703 1692 quos
724 1609 1030 1677 Decretalistas
1059 1615 1190 1694 vocant,
1221 1611 1275 1692 qui
1293 1630 1324 1682 aa

155 1711 353 1794 Theologiae
376 1732 415 1777 ac
429 1712 658 1796 Philosophiae
681 1712 852 1797 cujushbet
872 1711 965 1776 inscii
981 1716 1013 1776 et
1030 1717 1187 1797 expertes,
1210 1714 1276 1789 suis

181 1881 205 1914 22
222 1880 254 1933 F.
280 1881 327 1934 cui
352 1895 407 1932 aaa
436 1879 571 1950 quidquid
595 1879 686 1942 Petro,
766 1881 790 1913 22
807 1879 837 1933 P.
856 1878 1014 1933 vocabulum
1032 1878 1193 1934 adherentes

224 1964 347 2018 omittens
372 1965 465 2018 verba:
496 1963 611 2028 Christo,
642 1965 691 2019 sed
768 1965 791 1998 22
808 1964 843 2017 H.
864 1964 1049 2034 imprudenter

224 2048 358 2119 quidquid
413 2068 416 2077 ·

181 2135 205 2167 ²⁷
222 2150 335 2205 prepum
356 2132 568 2188 Christianarum
589 2133 691 2188 habent

225 2234 316 2272 omnes
339 2223 445 2286 praeter
466 2218 553 2272 Palat.
577 2224 605 2273 et
622 2219 689 2274 Ven.
718 2263 727 2276 .

226 2303 271 2372 qui
287 2303 414 2358 exhibent
424 2319 535 2373 precum
551 2301 646 2358 Christ.
665 2310 693 2358 et

225 2387 359 2451 Ambros,
383 2388 411 2440 in
435 2403 487 2455 quo
505 2388 605 2456 legitur
622 2405 692 2460 peu-

225 2473 290 2525 tr‘um
328 2470 549 2526 Christianarum.
599 2474 692 2542 Longe

224 2557 302 2626 pejus
330 2557 357 2610 in
389 2557 463 2611 editt.
494 2556 691 2626 antiquioribus

221 2645 383 2712 praecorum
392 2641 692 2710 Christianorumquod

225 2741 260 2780 ne
286 2725 392 2794 quidem
426 2733 569 2794 postquam
605 2727 691 2782 versio

226 2809 315 2865 Ficini
342 2812 379 2876 (la
404 2812 521 2883 preppr‘a
551 2812 692 2878 cristiana)

226 2895 313 2950 lucem
322 2896 434 2962 viderat,
453 2899 629 2952 correxerunt
639 2897 692 2950 cdi·

226 2983 307 3035 tores.
348 2980 418 3035 Vide
442 2997 511 3049 quae
532 2979 647 3035 diximus
665 2982 693 3034 in

227 3064 309 3132 libro,
338 3067 383 3132 qui
412 3067 566 3122 inscribitur
593 3065 694 3122 Dante-

226 3148 422 3221 Forschuupea
439 3167 466 3220 p.
488 3157 543 3206 lib.

186 3235 210 3266 22
227 3233 309 3288 Imur.
329 3239 357 3288 et
374 3234 433 3289 edd.
453 3237 521 3292 Eccl
538 3237 696 3307 permoveri

185 3318 209 3352 22
225 3317 259 3372 H.
278 3323 306 3373 et
322 3319 360 3373 M.
378 3320 565 3376 contradicent
676 3324 681 3329 '

186 3401 209 3435 ³¹
226 3402 260 3455 A.
278 3401 308 3454 P.
328 3419 365 3458 ea
377 3411 462 3474 parte
479 3404 550 3460 eliab.

187 3487 210 3550 22
227 3487 259 3540 Α.
277 3487 308 3540 P.
332 3485 408 3543 Eccl.
428 3489 503 3558 filios
528 3505 558 3553 se
580 3505 637 3544 esse
660 3518 694 3529 -

228 3571 262 3625 H.
281 3565 357 3628 Eccl.
376 3588 405 3627 se
421 3589 479 3628 esse
492 3573 567 3643 filios

827 2048 898 2102 Edd.
917 2054 1053 2120 repararet
1076 2049 1154 2103 -In
1171 2048 1205 2102 H.
1224 2065 1276 2105 vox

809 2141 943 2204 reparent
960 2133 1066 2187 omnino
1085 2134 1168 2191 deest.
1203 2133 1277 2190 Reli-

810 2234 924 2288 quorum
943 2217 1065 2271 eodicum
1085 2218 1242 2286 lectionem,
1261 2236 1278 2276 a

811 2303 889 2358 nobis
902 2308 1046 2371 receptam,
1065 2303 1208 2360 confirmat
1219 2320 1277 2360 ver-

811 2388 850 2442 sio
868 2387 956 2442 Ficini
974 2386 1197 2459 (aeplrerehhono)

771 2474 794 2507 22
811 2472 843 2528 F.
863 2473 901 2526 M.
920 2478 948 2527 et
966 2472 1024 2527 edd.
1043 2471 1114 2528 Sunt
1131 2481 1158 2527 et
1175 2475 1248 2528 tertii

828 2559 859 2611 P.
879 2557 1074 2613 Decretale'stas
1090 2573 1217 2612 vocamus

828 2643 884 2712 qul,
903 2642 1043 2710 quodcum
1051 2641 1086 2695 H.
1102 2648 1166 2710 post
1179 2649 1278 2699 vocant
1384 2653 1388 2658 ’

811 2727 984 2792 inseruimus,
1012 2726 1089 2780 abest
1115 2725 1144 2780 in
1169 2727 1277 2797 reliquis

812 2811 882 2867 etin
900 2811 960 2866 edd.
1026 2824 1028 2832 ’

827 2896 859 2949 P.
877 2899 905 2951 et
922 2895 955 2950 V.
973 2887 1025 2966 per
1043 2893 1205 2966 Theolopr'ae

770 2981 793 3014 22
810 2981 844 3035 A.
862 2980 894 3034 F.
921 2979 1117 3051 Philosophiae
1138 2998 1172 3036 aa
1196 2980 1279 3036 Thea-

812 3065 902 3136 lopiac

829 3150 860 3204 P.
887 3149 1004 3205 caulibet
1029 3181 1063 3189 -
1089 3151 1120 3205 F.
1147 3152 1280 3208 cunabilis

812 3265 846 3276 -
863 3235 896 3288 A.
915 3233 1057 3290 cerealibus

829 3321 885 3390 qul,
895 3320 1281 3393 quodposteccperteshabent

811 3404 987 3472 recentiores,
1005 3421 1060 3459 non
1072 3405 1170 3476 legitur
1187 3407 1216 3460 in
1233 3422 1279 3461 cc·

813 3490 917 3545 dicihus

230 3707 254 3740 22
270 3706 346 3762 Haec
365 3709 398 3763 de
416 3707 583 3778 Guelphis
601 3687 675 3764 dicte
692 3722 751 3764 esse
768 3714 848 3778 puta:

276 3925 278 3928 ¹
314 3860 342 3915 E
358 3861 458 3916 lasciar
474 3792 714 3916 seder’dleedddecdd
730 3793 867 3916 ddvdeelddd‘
879 3794 1126 3928 esthedrgevldldbll

151 3916 187 3978 1³¹
213 3943 321 3998 Erana.
344 3945 465 4013 donans.
489 3947 519 4000 O.
537 3946 611 3999 VllI.
635 3963 660 4000 v.
678 3950 719 3998 44.
761 3944 834 4010 „Vos
859 3960 894 3999 ex
916 3948 995 4015 patre
1018 3944 1124 4000 diabolo
1148 3946 1227 4012 estis,
1254 3953 1281 4002 et

164 4011 295 4089 desideria
311 4014 397 4082 patris
415 4016 497 4070 vestri
515 4014 595 4069 uultis
612 4012 729 4068 facerat
800 4014 823 4047 22
840 4013 959 4072 Parad.
979 4013 1026 4066 IX.
1048 4017 1104 4070 133.

484 4096 666 4168 L’Eaaapeh‘o
684 4113 698 4150 e
716 4096 841 4152 iDottor
857 4098 953 4167 mapm‘

435 4165 491 4221 Soa
510 4166 641 4232 clarelltte',
659 4183 674 4220 e
691 4164 749 4219 solo
767 4166 797 4219 αἱ
814 4164 995 4220 decretali
1099 4161 1102 4167 “

434 4233 467 4290 Sl
482 4235 573 4290 stadia
591 4234 626 4300 sl,
645 4233 694 4290 che
707 4250 778 4306 pare
795 4235 825 4288 cl
842 4233 885 4287 lor
900 4235 1017 4308 aiaapui.
