2940 4808
297 329 431 383 DANTIS
449 328 670 383 MONAECHIA
688 329 735 382 III.
756 328 785 382 Ο.
806 334 845 384 13,
865 333 929 397 (li.)
950 335 988 384 14.
1009 334 1071 393 (13.)
1189 325 1246 386 131

126 503 203 568 licet
231 502 273 566 ad
302 501 470 567 offerentes
498 501 613 566 faciem
636 502 755 568 habere
783 501 943 582 videatur,
974 500 1179 567 nihilominus
1201 505 1250 567 est

127 625 185 689 per
213 622 409 684 consequens
438 601 481 666 ad
509 601 707 686 recipientes.
754 601 892 668 Stultum
921 603 1004 668 onim
1034 609 1081 668 est
1111 601 1249 685 credere,

127 706 232 770 Deum
254 705 340 770 velle
368 703 481 787 recipi,
512 702 598 784 quod
618 705 768 788 prohibet
796 704 955 788 exhiberi,
981 724 1076 785 quum
1098 692 1194 770 etiam
1216 705 1250 768 in

127 806 241 873 eodem
272 805 486 890 praecipiatur
524 805 661 871 Levitis:
704 806 833 888 „Nolite
872 807 1086 872 contaminare
1126 806 1249 872 animas
1355 848 1357 854 ι

128 913 266 990 vestras,
296 928 355 972 nec
383 908 522 991 tangatis
552 907 726 989 quidquam
749 928 874 990 eorum,
903 928 944 974 ne
971 908 1125 973 immundi
1147 905 1247 973 sitis.“
1266 914 1299 963 50

130 1008 194 1074 Sed
217 1008 337 1091 dicere,
371 1009 456 1089 quod
477 1009 624 1075 Ecclesia
653 1009 698 1074 sic
720 1010 869 1074 abutatur
891 1009 1081 1093 patrimonio
1111 1010 1172 1074 sibi
1194 1008 1248 1074 de-

127 1116 256 1194 putato,
280 1117 329 1176 est
351 1111 447 1176 valde
470 1110 711 1177 inconveniens:
741 1130 816 1191 ergo
845 1110 960 1174 falsum
990 1115 1059 1174 crat
1086 1108 1183 1192 illud,
1207 1128 1248 1174 ex

129 1232 191 1293 quo
215 1213 416 1292 sequebatur.

512 1402 634 1475 [carun
656 1416 728 1464 xiv.
753 1396 873 1483 (xm-ll
914 1503 916 1506 y

213 1550 369 1633 Amplius,
391 1548 418 1613 si
432 1547 578 1614 Ecclesia
593 1549 742 1614 virtutem
757 1550 891 1617 haberet
906 1549 1120 1614 auctorizandi
1134 1547 1249 1612 Roma-

127 1672 202 1715 num
224 1650 414 1735 Principem,
438 1656 493 1714 aut
516 1650 648 1716 haberet
671 1671 691 1714 a
712 1652 792 1733 Deo,
819 1657 874 1715 aut
896 1670 916 1714 a
938 1670 981 1733 se,
1004 1655 1060 1714 aut
1081 1651 1122 1714 ab
1144 1650 1248 1732 Impe-

127 1759 231 1817 ratore
255 1753 374 1835 aliquo,
398 1758 453 1815 aut
474 1753 516 1817 ab
531 1752 679 1817 universo
695 1753 876 1817 mortalium
891 1750 1038 1834 adsensu,
1061 1754 1114 1826 vel
1133 1753 1248 1817 saltem

121 1876 169 1919 'ex
191 1855 256 1918 illis
278 1853 540 1938 praevalentium.
578 1854 677 1919 Nulla
694 1859 742 1919 est
756 1855 821 1918 alia
842 1854 967 1936 rimula,
989 1874 1047 1937 per
1069 1873 1164 1934 quam
1186 1853 1248 1918 vir-

127 1960 177 2020 tus
200 1956 280 2021 haec
302 1954 344 2018 ad
359 1955 536 2020 Ecclesiam
550 1976 680 2021 manare
695 1957 861 2038 potuisset.
900 1954 966 2021 Sed
981 1974 1000 2017 a
1014 1954 1102 2019 nullo
1116 1955 1249 2019 istorum
1268 1976 1282 2024 5

129 2057 241 2122 habet:
266 2077 340 2138 ergo
364 2057 512 2123 virtutem
535 2057 731 2142 praedictam
753 2076 816 2120 non
839 2056 944 2122 habet.

213 2157 306 2236 Quod
329 2163 434 2224 autem
458 2179 477 2221 a
498 2160 585 2224 nullo
608 2159 740 2224 istomm
763 2158 891 2240 habeat,
919 2156 965 2222 sio
988 2162 1130 2240 apparet.
1167 2157 1250 2222 Nam

129 2261 157 2324 si
178 2281 198 2323 a
221 2261 304 2325 Deo
326 2260 509 2344 recepisset,
533 2260 595 2325 hoc
616 2260 728 2324 fuisset
743 2263 798 2323 aut
819 2279 878 2342 per
898 2259 1004 2339 legem
1020 2258 1170 2342 divinam,
1194 2264 1250 2323 aut

128 2381 186 2443 per
207 2363 399 2444 actualem,
424 2361 500 2442 quia
516 2361 600 2442 quod
623 2367 771 2426 anatura
786 2362 944 2445 recipitur,
968 2381 988 2424 a
1003 2360 1073 2425 Deo
1088 2360 1248 2444 recipitur,

127 2466 319 2529 nontamen
348 2463 548 2528 convertitur.
602 2464 666 2530 Sed
697 2485 761 2529 non
793 2485 862 2548 per
894 2462 1138 2544 naturalem,
1174 2461 1249 2542 quia
1270 2469 1301 2518 10

127 2569 240 2628 natura
262 2585 324 2629 non
347 2564 482 2646 imponit
504 2565 623 2647 legem,
652 2566 714 2629 nisi
744 2566 809 2631 suis
832 2563 1013 2629 effectibus:
1043 2582 1139 2644 quum
1160 2563 1249 2628 Deus

127 2665 320 2731 insufficiens
350 2685 420 2731 esse
456 2686 518 2730 non
554 2667 670 2750 possit,
707 2667 762 2731 ubi
797 2667 864 2731 sinc
900 2663 1047 2730 secundis
1083 2663 1250 2746 agentibus

155 2868 178 2899 ¹⁸
196 2867 225 2919 P.
245 2884 304 2921 curn
324 2870 351 2921 iu
370 2870 462 2921 eodem
759 2869 768 2899 ⁵
785 2866 818 2919 V.
837 2866 874 2919 ud
892 2864 1043 2919 Ecclesiam
1061 2882 1171 2919 mouere

155 2954 184 2992 ⁵⁰«
194 2951 225 3003 P.
246 2952 278 3003 V.
299 2954 430 3022 quicquid
447 2969 540 3006 eorum
760 2951 770 2982 ⁸
787 2951 818 3002 F.
829 2951 976 3019 recepisset
985 2957 1034 3002 aaut
1036 2967 1091 3020 per
1102 2950 1187 3020 apem
1197 2948 1249 3003 div.

156 3039 176 3067 ⁵¹
196 3036 264 3088 Edd.
286 3041 382 3090 contra
401 3037 523 3090 codicum
539 3044 566 3090 et
574 3036 664 3091 Ficini
760 3035 770 3065 ⁹
787 3035 878 3087 Verba
902 3052 919 3087 o
937 3034 995 3088 ileo
1011 3036 1157 3104 recutitur,
1176 3037 1251 3101 'quae

196 3120 399 3183 auctoritatem,
429 3123 468 3174 stc
495 3123 662 3176 omittentes:
782 3119 969 3172 desiderantur
985 3118 1181 3182 inedittantt,
1196 3118 1251 3187 pri·

197 3205 271 3274 qteod
290 3204 412 3259 Ecclesia
434 3206 562 3259 abutatur
782 3221 841 3257 mus
865 3203 984 3258 restituit
1005 3203 1106 3256 Fratic.
1131 3202 1249 3257 Consen-

154 3291 177 3322 ⁵¹
194 3289 226 3342 V.
244 3289 348 3360 salsum
366 3296 406 3342 est
425 3298 451 3342 et
468 3299 527 3342 erut
544 3290 663 3344 illud-
783 3289 854 3342 tiunt
877 3305 957 3342 manu
982 3289 1086 3342 exarati
1110 3303 1201 3342 omnes
1224 3295 1251 3340 et

195 3375 228 3426 A.
246 3374 351 3442 fulsum
371 3373 440 3426 illud
650 3386 653 3390 ·
783 3373 903 3427 Ficinus.

128 3459 194 3526 Cap.
213 3458 286 3510 XIV.
325 3457 386 3509 2Η.
406 3457 557 3510 Romanum
576 3457 665 3528 impe·
746 3461 765 3491 ¹¹
784 3458 886 3512 Frctic.
920 3457 977 3512 sine
1010 3458 1153 3525 negatione
1184 3456 1250 3525 quia

195 3544 267 3595 rium
286 3542 329 3595 vel
345 3541 501 3611 Prtncupcm
519 3542 593 3595 —F.
611 3542 665 3596 Ro·
784 3549 884 3596 autema
911 3544 1025 3612 irnpom't
1052 3542 1151 3612 leqem,
1178 3540 1249 3609 quod

195 3644 303 3681 macoma
322 3625 473 3696 [rupertum
784 3643 857 3681 mero
877 3627 961 3680 errori
980 3626 1070 3680 deberi
1087 3629 1163 3694 puto.

211 3713 242 3765 E.
262 3718 311 3766 ortt
327 3729 344 3764 c
364 3727 393 3764 sc
411 3712 471 3781 ipso
801 3711 832 3764 L.
851 3713 905 3765 nist
920 3713 976 3764 sutis
995 3711 1137 3780 affectibus

195 3898 218 3929 ‘¹⁹
236 3897 413 3952 Leviticus
433 3912 493 3964 cap.
512 3896 563 3948 XI.
583 3914 605 3948 v.
626 3903 666 3951 43.

195 3965 267 4033 Cap.
286 3965 369 4020 XIV.
416 3967 436 3997 ¹⁰
461 3966 489 4019 Si
515 3971 613 4018 natura
637 3970 779 4033 operatur,
805 3964 879 4018 Deus
899 3971 1027 4032 operatur
1045 3981 1093 4033 per
1111 3981 1182 4031 eam3
1201 3965 1249 4019 sed

128 4032 253 4096 mediate,
273 4034 378 4087 scilicet
395 4049 444 4101 per
464 4034 596 4087 secundos
615 4040 734 4101 agentes.
768 4032 929 4099 Hujusmodi
948 4036 1118 4101 operationes
1136 4033 1249 4098 divinae,

128 4116 196 4166 quae
213 4100 326 4154 effectus
345 4109 460 4155 naturae
481 4102 533 4155 dici
550 4108 674 4168 possunt,
693 4100 797 4168 legibus
816 4107 930 4154 naturae
948 4102 1088 4168 subjectae
1106 4106 1175 4155 sunt.
1211 4103 1249 4156 At

128 4169 151 4221 si
168 4168 319 4223 immediate
338 4177 466 4237 operatur
484 4170 573 4234 Deus,
597 4169 723 4222 immunis
748 4177 789 4222 est
813 4169 949 4236 alegibus
975 4185 1043 4236 quae
1066 4170 1177 4224 effectus
1198 4185 1247 4223 na-

126 4242 204 4289 turae
223 4235 401 4304 adstringunt.

1061 4326 1106 4377 9*
