2940 4808
457 305 593 364 DANTIS
609 306 828 362 MONARCHIA
844 305 879 360 II.
898 306 927 362 C.
946 313 970 363 9.
1234 303 1271 364 'll

151 479 259 564 operis
282 477 480 544 admirabilis
502 480 686 545 Lucanus
713 476 908 546 insecundo
937 476 1124 544 Pharsaliae
1152 497 1273 544 memor

151 581 220 648 fuit.
265 579 358 647 (lauit
380 580 465 646 enim
485 580 532 647 ibi
554 581 614 648 sic:

357 713 432 768 Talis
450 713 523 768 fama
541 714 613 769 canit
629 714 762 769 tumidum
779 728 861 781 super
878 726 997 781 aequora
1013 711 1130 766 Xerxem
1292 716 1324 768 40

357 797 548 852 Construxisse
565 799 636 866 vias3

151 922 187 985 et
206 916 337 983 tandem
364 918 589 985 miserabiliter
616 920 657 985 ab
687 919 835 1002 incoepto
866 919 1029 1004 repulsus,
1060 916 1104 983 ad
1126 917 1273 984 bravium

152 1019 320 1106 pervenire
341 1040 405 1086 non
425 1020 538 1104 potuit.

238 1123 370 1188 Praeter
389 1120 478 1205 istos,
501 1126 636 1206 etpost,
659 1119 891 1188 Alexander
912 1142 968 1188 rex
983 1120 1117 1187 Macedo
1132 1120 1271 1189 maxime
1293 1162 1294 1165 =

151 1221 294 1289 omnium
316 1221 360 1297 ad
380 1224 521 1307 palmam
535 1222 740 1290 Monarchiae
753 1223 985 1308 propinquans,
1010 1221 1086 1287 dum
1106 1243 1163 1308 per
1184 1224 1271 1304 lega·
1290 1243 1322 1294 45

152 1328 205 1390 tos
234 1323 278 1389 ad
299 1323 493 1390 deditionem
517 1325 677 1390 Romanos
698 1328 934 1409 praemoneret,
969 1323 1056 1406 apud
1080 1323 1271 1409 Aegyptum,

151 1429 228 1490 ante
249 1426 462 1493 Romanorum
483 1426 738 1509 responsionem,
761 1429 796 1491 ut
810 1425 951 1491 Livius
973 1429 1094 1507 narrat,
1117 1425 1151 1490 in
1165 1424 1272 1492 medio

152 1526 246 1608 quasi
268 1546 361 1593 cursu
383 1528 543 1612 collapsus
566 1532 622 1594 est.
659 1529 709 1594 De
732 1528 823 1611 cujus
847 1527 944 1594 etiam
966 1526 1129 1610 sepultura
1150 1525 1272 1593 ibidem

151 1627 310 1695 existente
339 1629 542 1713 Lucanus,
575 1629 609 1693 in
641 1634 770 1714 octavo,
805 1628 960 1695 invehens
993 1627 1025 1692 in
1053 1628 1272 1696 Ptolemaeum

152 1745 263 1810 regem
283 1728 438 1815 Aegypti,
462 1730 677 1797 testimonium
698 1729 805 1798 reddit
827 1731 949 1797 dicens:
1291 1754 1322 1804 50

358 1861 457 1916 Ultima
473 1862 581 1930 Lageae
599 1861 691 1930 stirpis
709 1865 883 1933 perituraque
901 1863 990 1931 proles

357 1946 492 2014 Degener,
510 1947 630 2002 incestae
648 1951 764 2018 sceptris
783 1963 891 2004 cessure
908 1947 1009 2012 sorori,

358 2031 445 2099 Quum
461 2030 512 2086 tibi
529 2037 637 2087 sacrato
654 2030 769 2085 Macedo
790 2037 910 2086 servetur
926 2032 955 2086 in
972 2035 1059 2087 antro.

179 2233 205 2267 ³⁸
220 2233 252 2286 P.
271 2248 341 2304 opas
358 2232 518 2288 admirabile
533 2265 565 2273 —
576 2233 608 2287 V.
626 2248 688 2304 ope·
767 2233 791 2266 ⁴⁶
807 2232 841 2285 A.
860 2233 892 2286 F.
909 2234 943 2287 H.
962 2234 994 2287 L.
1013 2233 1043 2287 P.
1055 2233 1131 2289 -V.
1145 2250 1274 2305 praemo-

225 2319 266 2372 ris
282 2317 481 2372 admirabiliter
807 2324 917 2372 meretur
942 2349 976 2356 —
999 2317 1036 2372 M.
1057 2323 1085 2373 et
1102 2318 1175 2373 editt.
1191 2335 1274 2390 prae·

221 2402 255 2456 A.
274 2399 305 2454 F.
324 2401 358 2454 Η.
375 2402 407 2454 L.
426 2401 456 2455 P.
470 2403 544 2457 -V.
560 2402 618 2472 fail
634 2419 689 2456 me·
807 2408 897 2457 mouet

222 2501 281 2538 mor
298 2514 331 2523 -
348 2485 417 2539 Edd.
436 2489 557 2542 meminit
766 2487 789 2520 ‘²⁷
807 2485 844 2541 A.
862 2488 896 2541 H.
915 2488 947 2541 L.
966 2487 1005 2540 M.
1023 2487 1053 2540 P.
1065 2487 1099 2541 V.
1119 2491 1147 2540 et
1163 2486 1273 2540 Ficinus

178 2569 205 2603 ³⁹
221 2569 253 2622 L.
271 2569 302 2623 P.
321 2600 355 2611 -
377 2571 410 2624 A.
428 2573 498 2625 caim
516 2572 555 2627 ibi
570 2573 688 2627 sicat-
808 2604 841 2611 —
867 2573 899 2626 F.
930 2577 956 2627 et
979 2571 1038 2630 edd.
1064 2571 1179 2639 pessime
1211 2577 1275 2625 arete

222 2653 255 2707 F.
264 2652 299 2706 H.
309 2654 343 2707 M.
354 2655 388 2709 V.
399 2661 425 2709 et
435 2655 493 2709 edd.
504 2661 558 2710 ant.
568 2657 638 2710 emim
649 2656 689 2709 sia
808 2656 993 2712 Romanarum
1010 2655 1142 2708 rationem

177 2739 204 2772 ⁴⁰
220 2738 256 2792 Η.
276 2738 368 2794 Talem
386 2771 419 2779 —
436 2739 505 2794 Edd.
525 2739 604 2793 Talea
766 2741 790 2774 ⁴⁹
808 2741 841 2793 V.
859 2740 1064 2796 Plbolomaeam

240 2823 375 2890 Impressa
399 2825 506 2879 Lucani
524 2823 690 2893 exemplaria
767 2826 790 2859 ⁵²
808 2824 939 2892 Omnes„
958 2830 1014 2879 tam
1047 2840 1129 2879 manu
1164 2825 1273 2884 exarati.

221 2908 324 2963 habent
340 2925 418 2978 aequ.
437 2909 538 2963 Persem
808 2926 887 2979 quam
905 2910 975 2980 typis
987 2911 1107 2978 expressi
1115 2925 1165 2978 pro
1174 2911 1273 2975 sorori,

180 2993 204 3025 ⁴⁴
222 2993 256 3046 Η.
274 3009 328 3047 rea
345 2992 525 3048 Macedonum
535 3025 570 3032 -
584 2995 617 3047 A.
636 3009 690 3048 rex
809 2995 880 3062 quod
898 2995 983 3050 estin
1000 2994 1127 3059 Lucano,
1146 2994 1274 3048 exhibent

240 3077 373 3133 Macedon
809 3080 912 3133 sororis

225 3264 248 3298 ³⁸
264 3264 369 3317 Lucan.
388 3262 508 3316 Pharsal.
526 3263 562 3316 Il.
581 3267 638 3316 672.
725 3265 748 3296 ⁴⁷
765 3263 846 3318 Tales
871 3263 980 3318 fabulas
1005 3268 1036 3317 ut
1061 3263 1151 3318 tradat
1167 3268 1275 3318 tantum

82 3370 92 3395 ,
152 3334 234 3389 abest
249 3331 364 3395 Lrvrns,
382 3337 414 3384 ut
430 3330 520 3399 potius
539 3331 595 3396 (IX.
613 3346 673 3399 cap.
696 3335 724 3385 18
742 3330 790 3384 Nr.
809 3337 844 3398 6,)
862 3332 1010 3386 Alexandri
1031 3347 1128 3387 nomen
1145 3331 1275 3386 Romanis

155 3399 261 3455 coaevis
287 3415 322 3454 ne
347 3400 420 3454 fama
451 3399 558 3466 quidem
589 3405 682 3454 notum
716 3399 800 3453 fuisse
833 3400 986 3455 arbitretur.
1031 3399 1128 3455 Graeci
1160 3399 1274 3469 quidem,

154 3468 339 3536 Currancnnn
357 3469 478 3534 sequuti,
508 3468 609 3535 legatos
633 3467 816 3522 Romanorum
840 3468 1024 3522 Alexandrum
1046 3473 1113 3523 tunc
1136 3466 1274 3536 Babylone

154 3541 304 3590 morantem
321 3535 405 3589 adiise
421 3534 526 3604 ferunt3
545 3534 604 3600 sed,
629 3535 651 3589 si
668 3536 853 3590 Nrnnunnrnn
877 3536 956 3601 (Hist.
975 3536 1052 3591 Rom.
1069 3536 1117 3589 HI.
1140 3539 1205 3600 194.)
1227 3549 1272 3588 ex·
1313 3581 1315 3583 ,

153 3603 272 3672 ceperis,
290 3603 377 3658 nostri
393 3602 521 3670 temporis
542 3608 666 3657 auctores
689 3607 797 3658 tantum
814 3620 868 3658 non
886 3619 992 3669 ornnes,
1015 3618 1101 3672 neque
1119 3603 1190 3656 hanc
1209 3617 1272 3655 nar-

155 3672 287 3726 rationem
321 3670 373 3725 fide
408 3669 515 3750 dignam
538 3671 699 3725 existimant.
742 3672 835 3740 Longe
866 3673 944 3725 aliter
976 3686 1044 3741 quae
1079 3672 1129 3725 sub
1161 3669 1272 3724 mentito

152 3739 359 3794 Gnnnrsrnnurs
376 3754 483 3797 nomine
501 3738 726 3793 circumferuntur
743 3739 900 3794 recentioris
919 3739 978 3793 aevi
994 3738 1102 3807 scripta,
1120 3739 1274 3806 Jun1nsque

154 3807 298 3862 Vunnnrus
317 3822 409 3861 eorum
424 3806 599 3874 pedissequus
614 3822 671 3860 rem
687 3807 847 3875 expediunt,
866 3808 964 3875 quibus
982 3807 1005 3860 si
1023 3805 1174 3871 credideris,
1191 3806 1273 3859 Alex-

155 3875 270 3930 andrum
291 3875 349 3943 jam
372 3880 434 3928 ante
466 3874 585 3928 Indicam
610 3874 805 3945 expeditionem
828 3891 889 3929 cunr
912 3875 1031 3929 exercitu
1048 3874 1076 3927 in
1092 3873 1198 3928 Italiam
1216 3880 1273 3926 tra-

149 3943 266 4012 jecisse,
294 3949 320 3997 et
342 3957 359 3995 a
383 3942 511 3997 Romanis
537 3958 638 3997 summo
662 3943 764 3997 honore
788 3951 945 4012 exceptum,
972 3958 1018 3997 eos
1042 3942 1071 3995 in
1093 3942 1173 3996 fidem
1197 3957 1274 3996 suam

156 4011 299 4080 recepisse,
318 4009 399 4064 dices.
436 4011 489 4064 Sed
507 4011 617 4065 ethaeo
641 4012 675 4065 ab
694 4011 812 4065 auctoris
835 4011 923 4066 nostri
940 4009 1095 4065 narratione
1111 4025 1274 4080 magnopere

156 4078 266 4133 distant.
301 4079 369 4131 Tam
392 4078 444 4133 hoc
469 4094 502 4132 ex
525 4078 584 4133 loco
602 4077 693 4147 igitur,
719 4094 799 4147 quarn
816 4093 850 4132 ex
866 4078 912 4133 illo
929 4077 1031 4132 Inferni
1048 4077 1129 4142 (XIV.
1149 4083 1199 4142 31.)
1218 4083 1273 4132 sta-

156 4145 285 4200 tuendum
303 4145 362 4209 erit,
381 4146 496 4201 Dantem
513 4145 613 4201 fabulis
632 4147 704 4201 circa
722 4163 765 4201 res
784 4148 818 4200 ab
828 4145 981 4200 Alexandro
999 4151 1088 4215 gestas
1100 4145 1273 4202 nostratibus

153 4214 297 4283 incognitis
314 4229 393 4269 usum
411 4229 477 4270 esse.
564 4215 588 4246 ⁴⁹
604 4215 708 4270 Lucan.
726 4215 850 4269 Pharsal.
868 4215 942 4270 VIII.
960 4218 1019 4270 692.
