2940 4808
366 113 415 166 ΕΤ
434 111 622 167 SIGLARUM
639 112 949 168 INTERPRETATIO.
1158 115 1220 169 LIX

181 286 351 352 Auctorem
380 285 479 350 libros
508 285 713 351 Monarchiae
741 285 775 350 in
803 285 998 369 „eapitnla“
1025 285 1219 372 distinxisse,

96 398 166 482 ipse
188 396 383 475 testificatur,
408 417 435 463 e.
458 416 505 478 gr.
528 396 599 461 Lib.
615 396 655 460 ΙΙ.
679 415 748 479 oap.
773 400 791 461 6
813 396 870 462 lin.
887 400 917 460 7.
951 396 1022 461 Lib.
1038 397 1080 461 11.
1103 417 1172 482 oap.
1190 401 1219 463 8·

100 508 157 572 lin.
182 512 233 572 75.
272 508 342 573 Lib.
366 507 425 572 III.
449 525 519 588 oap.
545 511 593 572 16.
616 507 672 570 lin.
699 511 726 570 1.
780 505 1000 590 capitulorum
1033 514 1141 574 tamen
1174 509 1220 573 in-

97 618 238 702 scriptio,
261 620 314 683 vel
336 618 514 683 numeratio
536 616 569 681 in
592 616 682 682 nullo
704 615 813 682 oodioe
839 615 1099 700 deprehenditur.
1144 620 1221 686 Uni-

99 749 169 794 oum
198 727 295 811 hujus
324 727 491 792 divisionis
519 726 672 792 indioium
701 732 750 792 est
778 727 933 810 scriptura
963 727 1006 792 ad
1033 748 1152 794 novam
1184 731 1220 794 li·

98 858 194 904 neam
222 857 403 921 recurrens,
433 837 554 920 passim
582 837 677 902 etiam
707 837 801 901 litera
828 837 961 902 initialis
987 838 1084 920 paulo
1106 840 1219 923 major.

97 947 304 1032 Quantopere
326 948 386 1013 hae
413 948 447 1012 in
476 946 680 1013 distinetione
701 947 785 1012 inter
806 966 841 1012 se
860 948 988 1013 variant
1015 947 1088 1012 libri
1110 969 1220 1014 manu-

97 1059 206 1143 soripti
236 1058 380 1124 indioant
407 1065 519 1138 notae,
550 1077 633 1140 quae
661 1056 758 1122 etiam
785 1058 927 1124 rationes
955 1064 1083 1123 nostrae
1111 1079 1220 1125 nume-

98 1169 230 1234 rationis
264 1175 438 1252 exponunt.
494 1166 641 1250 Cupitum
668 1187 833 1248 numeros,
867 1188 962 1250 quum
994 1168 1029 1231 in
1057 1168 1219 1236 oodioibus

97 1301 160 1345 non
190 1279 386 1359 habeantur,
417 1278 507 1344 uneis
536 1282 544 1356 [
610 1277 842 1361 ]inolusimus,
879 1279 969 1343 unois
995 1278 1077 1344 alius
1099 1278 1220 1345 formae

98 1395 109 1467 (
211 1390 224 1471 )
247 1409 301 1454 eos
323 1387 496 1468 addentes,
526 1407 605 1470 quos
633 1395 709 1452 ante
731 1407 790 1453 nos
811 1387 943 1453 Turrino
966 1395 997 1454 et
1019 1388 1219 1455 Fratioellius

98 1499 265 1566 dederunt.
1122 1580 1136 1601 ο

181 1610 466 1675 Enumerationem
488 1607 735 1688 tractandorum,
759 1627 854 1689 quam
869 1607 977 1672 statim
999 1608 1091 1673 initio
1114 1611 1219 1692 operis

100 1724 180 1804 (eap.
206 1725 236 1785 2.
258 1721 313 1784 lin.
337 1724 465 1796 6-10.)
488 1719 607 1802 profert
628 1724 746 1798 auctor,
775 1717 875 1782 tribus
900 1717 991 1783 libris
1013 1719 1218 1802 respondere,

100 1830 168 1912 ipse
196 1831 287 1896 testis
315 1836 364 1896 est
390 1830 461 1894 Lib.
484 1828 541 1892 ΙΙΙ.
572 1848 642 1912 oap.
668 1833 695 1893 1.
718 1828 775 1892 lin.
798 1832 827 1908 4,
851 1833 880 1908 5,
904 1828 959 1892 lin.
984 1833 1033 1893 27.
1084 1828 1151 1894 Sed
1178 1849 1220 1895 ne

99 1940 181 2006 bano
196 1940 326 2023 quidem
349 1939 585 2006 distinetionem
602 1938 720 2005 diserte
742 1956 927 2020 expressam
949 1938 983 2002 in
1005 1939 1152 2004 omnibus
1173 1939 1220 2003 in-

98 2051 218 2116 venies.
268 2050 412 2116 Habetur
439 2050 473 2115 in
496 2049 665 2115 Fotiniano
687 2054 719 2115 et
740 2049 873 2114 Veneto.
916 2048 1083 2116 Palatinus
1105 2050 1219 2115 librum

98 2160 274 2227 seeundum
302 2181 323 2225 a
350 2162 461 2242 tertio,
491 2180 556 2225 non
584 2178 661 2225 vero
688 2158 825 2242 primum
854 2179 875 2222 a
897 2158 1037 2223 seoundo
1060 2160 1220 2243 expressis

99 2269 206 2338 verbis
241 2269 415 2352 distinguit.
470 2270 584 2352 Neque
614 2269 709 2334 aliter
739 2268 984 2350 Ambrosianus,
1021 2270 1076 2352 qui
1112 2276 1219 2335 tamen

99 2379 214 2446 librum
237 2379 422 2460 seeundum,
445 2401 509 2444 non
531 2381 657 2460 librum,
684 2377 742 2444 sed
764 2379 981 2460 quaestionem
1004 2378 1090 2445 dioit.
1135 2380 1219 2445 Reli-

97 2490 152 2572 qui
174 2490 259 2556 inter
280 2491 379 2555 libros
401 2491 446 2554 nil
469 2491 531 2555 nisi
553 2488 657 2572 majus
679 2488 818 2571 spatium
839 2490 1056 2573 interponunt.

182 2744 221 2808 In
261 2743 437 2810 referendis
474 2743 616 2808 oodioum
649 2741 839 2808 lectionibus
871 2743 917 2808 ita
950 2742 1018 2826 egi,
1054 2749 1089 2808 ut
1120 2741 1220 2825 siglas

99 2853 266 2936 libromm,
296 2874 428 2936 qnorum
456 2853 646 2918 auotoritate
674 2858 796 2917 textum
824 2853 988 2933 constitui,
1011 2852 1101 2917 initio
1123 2859 1220 2918 notae

99 2982 266 3047 ponerem,
296 2965 377 3030 alias
398 2965 567 3045 lectiones,
597 2963 732 3027 alteram
754 2962 795 3027 ab
818 2963 922 3028 altera
942 2963 1064 3029 lineola
1086 2967 1151 3039 (-)
1176 2962 1221 3028 di·

96 3074 279 3156 stinguens,
311 3074 547 3157 subjungerem.
576 3110 618 3119 —
646 3071 778 3151 Quoties
806 3073 840 3137 in
869 3072 983 3140 eadem
1005 3074 1093 3139 linea
1113 3079 1220 3139 textus

96 3182 225 3249 eodioes
247 3184 376 3266 saepius
397 3184 532 3263 variant,
558 3183 652 3249 toties
673 3181 866 3248 vadantium
889 3183 1086 3251 enumeratio
1108 3184 1143 3247 in
1165 3204 1220 3248 no-

98 3293 138 3359 tis
161 3293 205 3359 ad
227 3314 345 3359 novam
367 3293 485 3360 lineam
508 3292 650 3359 reourrit.
