2940 4808
201 311 241 373 22
375 398 382 412 ἱ
465 313 600 369 oannis
618 312 838 369 nonlscnn
855 314 877 367 1.
896 313 925 368 o.
947 317 985 368 12.
1004 316 1066 381 (14).
1101 308 1103 313 ’

198 487 285 570 quod
307 486 468 553 sciendum
483 491 540 568 est,
564 485 650 567 quod
663 484 800 569 primum
813 484 1004 570 principium
1018 490 1146 552 nostrae
1162 485 1322 551 libertatis

198 595 247 655 est
268 589 401 654 libertas
423 586 560 670 arbitrii,
591 606 687 668 quam
709 587 801 651 multi
822 588 941 654 habent
963 587 996 651 in
1018 608 1087 671 ore,
1110 587 1144 651 in
1157 587 1321 654 intellectu

164 705 179 755 5
198 710 275 756 vero
289 689 393 775 pauei.
436 688 574 755 Veniunt
587 707 725 770 namque
739 707 840 770 usque
855 688 899 753 ad
913 689 983 771 hoe,
1006 693 1040 752 ut
1062 688 1171 754 dicant
1185 688 1320 757 liberum

197 792 362 857 arbitrium
386 809 471 873 esse,
501 790 637 855 liberum
666 789 708 856 de
736 790 900 857 voluntate
928 788 1089 854 iudieiurn.
1139 790 1182 855 lit
1210 810 1320 857 verum

198 893 319 977 dieunt,
344 891 401 959 sed
423 893 627 976 importatum
648 911 706 976 per
727 892 827 956 verba
847 892 1007 972 longeest
1029 891 1070 956 ab
1087 891 1142 974 eis,
1166 890 1318 972 quemad-

197 995 327 1062 modum
347 1000 417 1061 tota
438 993 491 1060 die
514 992 625 1074 Logiei
645 991 744 1058 nostri
766 992 885 1057 faciunt
907 992 948 1058 de
971 992 1162 1074 quibusdam
1176 994 1320 1079 proposi-

197 1097 350 1180 tionibus,
381 1115 463 1177 quae
492 1094 535 1159 ad
556 1093 738 1177 exemplum
759 1095 949 1176 logicalibus
971 1094 1213 1179 interseruntur,
1243 1103 1320 1181 puta

150 1214 180 1265 ιο
199 1197 240 1264 de
260 1198 336 1264 hae:
360 1197 552 1277 Triangulus
574 1196 671 1262 habet
692 1200 756 1262 tres
779 1196 903 1263 duobus
925 1196 1019 1263 raetis
1041 1197 1204 1278 aequales,

281 1299 323 1363 lit
343 1297 417 1365 ideo
434 1298 514 1382 dieo,
531 1297 617 1379 quod
630 1296 827 1363 iudieium
841 1297 981 1366 medium
996 1305 1045 1365 est
1056 1299 1320 1384 apprehensionis

197 1405 230 1467 et
243 1400 419 1484 appetitus,
435 1420 509 1464 narn
524 1400 626 1485 primo
641 1418 692 1466 res
708 1400 965 1484 apprehenditur,
982 1399 1099 1467 deinde
1108 1399 1319 1485 apprehensa,

198 1502 281 1568 bona
303 1501 356 1566 vel
377 1501 464 1566 mala
485 1500 652 1584 iudieatur,
676 1506 709 1566 et
730 1501 842 1567 ultimo
864 1501 1009 1568 iudieans
1022 1502 1234 1586 prosequitur,
1252 1504 1320 1569 sive

196 1602 286 1683 fugit.
332 1601 368 1668 Si
389 1619 464 1683 ergo
487 1601 639 1668 iudioium
660 1607 789 1669 moveat
819 1603 945 1669 omnino
968 1602 1155 1688 appetitum,
1178 1610 1211 1671 et
1232 1605 1319 1670 nullo

148 1722 179 1772 15
197 1703 293 1769 modo
314 1703 539 1788 praeveniatur
560 1705 679 1787 abeo,
702 1704 837 1771 liberum
859 1711 922 1788 est;
953 1704 1078 1770 sivero
1101 1706 1142 1771 ab
1165 1705 1319 1790 appetitu,

197 1824 384 1887 quoeunque
405 1805 500 1873 modo
528 1806 771 1888 praeveniente,
804 1804 955 1871 iudicium
977 1811 1157 1889 moveatur,
1185 1808 1319 1875 liberum

197 1926 346 1972 essenon
367 1913 483 1991 potest,
508 1907 583 1988 quia
603 1928 667 1974 non
681 1927 702 1971 a
716 1927 760 1991 se,
784 1905 843 1973 sed
859 1907 899 1972 ab
915 1907 980 1973 alio
997 1907 1158 1992 captivum
1173 1910 1316 1975 trahitur.

198 2007 240 2072 Et
261 2007 335 2074 hine
358 2014 415 2092 est,
432 2007 518 2089 quod
540 2009 634 2073 bruta
648 2007 798 2074 iudicium
813 2008 948 2074 liberum
962 2009 1160 2075 habere‘non
1175 2017 1317 2094 possunt,

81 2190 83 2195 Ι
198 2109 274 2192 quia
295 2130 404 2176 eorum
426 2108 544 2175 iudieia
567 2129 693 2194 semper
717 2111 866 2196 appetitu·
883 2110 1138 2192 praeveniuntur.
1182 2111 1224 2175 Et
1245 2111 1319 2177 hino

233 2363 244 2395 ³
261 2365 301 2415 est
318 2365 380 2429 post
401 2359 537 2414 sciendam
556 2360 632 2416 deest
648 2361 676 2415 in
694 2361 727 2415 F.
807 2361 830 2394 ¹³
847 2360 915 2414 Edd.
934 2361 1004 2416 boae
1021 2361 1159 2416 dutmala

261 2446 296 2499 H.
314 2444 344 2497 P.
364 2449 391 2497 et
407 2443 436 2496 in
453 2443 513 2497 edd.
861 2444 931 2498 Edd.
950 2445 1059 2509 rectius,
1077 2450 1124 2501 sed
1134 2452 1230 2500 eontra
1240 2447 1316 2501 codd.

233 2532 294 2584 ⁵A.
319 2529 430 2583 veniant
452 2545 538 2599 usqae
562 2529 600 2584 aa
621 2529 672 2585 hoe
694 2561 728 2570 -
847 2530 1319 2603 auctoritatemprosequ.autfuqr't

261 2616 293 2670 F.
312 2629 504 2685 amnemque
521 2615 559 2668 ad
574 2614 625 2671 hoe
808 2616 829 2647 ¹⁴
846 2617 879 2669 A.
898 2620 1003 2670 moveat
1020 2617 1110 2670 animo
1128 2615 1279 2687 appetitam

229 2700 289 2754 Ὗ.
318 2698 479 2771 lopicalibus
505 2700 670 2754 interserunt
698 2730 726 2739 —
809 2701 830 2733 ¹⁵
846 2701 879 2753 A.
897 2700 923 2753 si
938 2715 1001 2753 nero
1018 2701 1142 2771 appetitu

261 2785 293 2838 L.
312 2785 366 2855 loq.
384 2785 544 2855 inferantur
809 2783 878 2837 17Ρ.
897 2785 931 2839 ab
949 2784 1003 2838 alio
1021 2787 1145 2856 captivas
1162 2785 1232 2840 trah.

222 2872 243 2903 ¹⁰
258 2869 328 2924 Edd.
347 2874 460 2924 reeentt.
473 2875 536 2937 post
545 2873 599 2923 tres
607 2869 731 2924 inserunt
811 2868 832 2902 ¹⁰
849 2866 882 2922 A.
901 2867 935 2922 ab
945 2869 1046 2939 impeta
1056 2900 1088 2908 --
1098 2869 1136 2923 M.
1150 2869 1317 2942 abappetita

261 2954 377 3026 aepulas

262 3138 425 3208 Gap.X11.
447 3141 468 3172 ¹⁰
486 3138 527 3193 cf.
546 3139 739 3194 Asrsronnnns
756 3137 857 3205 Magne
873 3138 985 3192 moralia
993 3139 1014 3191 l.
1028 3138 1103 3193 t.fin.
1111 3154 1180 3194 vers.
1203 3136 1317 3192 Ἄτοπον

194 3207 257 3277 γὰρ,
269 3204 341 3263 εἴτις
352 3204 516 3277 βουλόμενος
527 3206 559 3258 τὸ
571 3207 714 3275 τρίγωνον,
726 3203 762 3264 ὥς
776 3206 854 3258 δυσὶν
865 3204 964 3274 ὀρθαῖς
977 3204 1037 3263 ἴσας
1048 3205 1113 3276 ἕχον
1127 3209 1220 3267 δεῖξαι,
1238 3208 1316 3274 lorpes

195 3270 285 3346 ἀρχὴν
302 3270 345 3326 ’ότι
363 3272 377 3338 ἡ
397 3287 436 3340 qo
456 3274 470 3337 ὴ
490 3272 638 3334 ἀθάνατος,
659 3290 737 3343 quem
752 3275 849 3339 locum,
867 3290 964 3343 graece
981 3290 1049 3329 arne
1057 3276 1217 3342 exhibitum,
1234 3293 1315 3345 quum

195 3344 252 3399 eius
275 3343 416 3397 translatio
470 3343 541 3397 antis
566 3349 685 3412 tempore
710 3342 811 3397 usitata
835 3358 889 3397 non
914 3343 950 3398 sit
966 3342 1001 3396 ad
1025 3358 1136 3408 manus,
1168 3344 1207 3397 ita
1233 3344 1315 3398 vertit

195 3412 337 3467 Gnoasrus
355 3411 466 3477 Varus,
491 3416 612 3466 mortuus
636 3411 708 3466 eirea
729 3426 792 3465 ann.
819 3415 898 3464 1500:
927 3410 1100 3476 „Absurdum
1118 3412 1217 3481 quippe
1234 3411 1316 3467 fuerit

193 3480 293 3535 volenti
310 3478 451 3534 ostendere
467 3479 614 3548 tringulum
628 3479 734 3534 duobus
747 3479 830 3534 restis
840 3479 965 3547 aequales
976 3479 1077 3534 habere
1087 3481 1200 3549 angustos
1209 3495 1315 3534 sumere

213 3548 283 3602 rinei
302 3547 356 3669 ἰιέιῖη
378 3546 521 3601 eiusmodi:
552 3547 641 3600 anima
668 3546 828 3601 immortalis
857 3550 925 3601 est.“
996 3549 1018 3582 ¹³
1035 3546 1178 3603 Anerosrs
1204 3549 1314 3617 Purgat.

386 3699 484 3755 Vestra
501 3699 666 3769 oppressiva
684 3697 719 3752 da
736 3713 810 3752 esser
827 3714 923 3753 verm

414 3766 524 3837 Traqqe
541 3767 703 3832 intenzione,
720 3783 735 3820 e
752 3765 846 3821 dentre
865 3784 883 3820 α
900 3769 946 3821 noi
960 3767 989 3821 la
1005 3768 1110 3839 spieqa,

413 3833 444 3890 Si
461 3833 510 3889 ede
527 3833 637 3888 tunimo
654 3833 692 3887 ad
708 3848 767 3887 essa
784 3835 877 3906 volqer
892 3835 966 3905 face,

379 3902 407 3958 E
422 3918 459 3967 se,
476 3900 581 3964 rivolta,
599 3901 675 3955 inser
691 3900 722 3955 dr*
737 3901 774 3955 lei
788 3903 815 3956 si
850 3904 920 3984 ispa,

414 3969 484 4036 (lael
495 3971 610 4040 piepure
627 3970 641 4023 d
657 3985 743 4033 amor,
760 3919 851 4040 quelli
868 3987 882 4025 e
898 3975 999 4024 natura

416 4037 471 4094 ote
483 4054 538 4109 per
549 4038 648 4108 placer
665 4037 697 4091 di
711 4052 798 4092 nuovo
816 4039 844 4092 in
862 4039 907 4092 voi
922 4038 949 4091 si
963 4038 1034 4109 loqu.

415 4172 515 4294 {perta
551 4175 621 4228 rima
637 4172 728 4244 voello

446 4246 503 4294 erto
540 4241 551 4293 ἱ
566 4241 627 4296 lodo
644 4257 659 4295 o
679 4240 709 4295 cu
724 4240 825 4297 tiana
842 4255 896 4293 stoa
914 4256 989 4312 cape.
