2940 4808
150 314 228 373 xxu
568 310 854 369 PnnuuoouuuA.

237 570 407 639 NOSTRA
430 570 489 636 ΑΙ)
511 568 959 637 INTNRPRETATIONEM
980 568 1191 637 SYMBOLA.

254 744 297 815 Ut
314 743 484 815 obscurius
502 742 541 815 ab
560 751 690 814 auctore
718 752 830 814 nostro
857 743 1018 813 dictorum
1047 752 1167 814 rectam
1196 767 1273 814 seu·

151 873 286 944 tentiam
305 870 481 943 lectoribus
500 870 673 966 aperirent,
700 870 754 965 qui
781 870 937 942 hactenus
955 868 1177 941 Monarchiam
1205 871 1272 940 edi·

152 1001 280 1091 derunt,
308 997 387 1069 nihil
415 1008 580 1069 curarunt.
634 995 683 1068 Ab
710 997 837 1091 integro
864 997 964 1092 igitur
989 1022 1042 1069 res
1062 1009 1131 1068 erut
1157 1019 1273 1092 aggre-

152 1127 279 1199 dienda.
333 1125 398 1196 Sed
426 1125 539 1220 lugere
567 1148 619 1196 me
647 1147 713 1195 nou
741 1123 864 1219 potuit,
897 1124 952 1195 tali
985 1124 1093 1196 officio
1122 1148 1174 1196 me
1202 1148 1270 1195 non

152 1278 223 1328 esse
250 1278 373 1350 parem.
419 1251 750 1345 Argumentationum
771 1249 866 1344 hujus
885 1252 958 1324 libri
978 1251 1158 1323 obscuritas
1180 1275 1273 1347 prae·

152 1380 264 1454 sertim
292 1381 326 1450 in
354 1405 392 1463 eo
420 1379 577 1470 consistit,
603 1378 689 1474 quod
709 1375 829 1448 Dentes
854 1378 888 1449 in
914 1378 1136 1450 ratiocinando
1156 1379 1272 1472 lormis

152 1519 184 1580 et
217 1507 367 1579 terminis
395 1505 550 1578 technicis
578 1503 871 1596 scholasticorum,
907 1517 1018 1578 nostro
1051 1504 1205 1603 loquendi
1239 1516 1274 1577 et

152 1633 369 1708 concludendi
397 1633 470 1705 usui
497 1631 715 1722 alienissimis
743 1631 852 1703 utitur.
896 1632 947 1704 Me
973 1658 1051 1705 vero
1079 1632 1201 1722 his,·ut
1227 1634 1272 1704 ita

153 1762 276 1852 dicam,
314 1760 475 1856 mysteriis
509 1759 575 1849 vix,
609 1769 641 1829 ot
674 1782 715 1829 ne
748 1759 799 1829 vix
833 1760 963 1854 quidem
999 1761 1161 1833 initiatum
1189 1785 1273 1852 esse,

152 1912 250 1961 nemo
278 1888 394 1959 melius
421 1886 571 1981 meipso
599 1885 764 1982 percipere
783 1896 900 1982 potest.
943 1886 1140 1960 Audendum
1160 1898 1270 1958 tamen

153 2016 239 2108 duxi,
265 2016 383 2088 auxilio
411 2014 603 2103 amicorum,
630 2037 682 2084 me
701 2012 895 2106 doctiorum,
913 2015 1068 2106 conlisus,
1086 2016 1171 2086 iuter
1189 2038 1272 2110 quos

152 2168 228 2239 prae
247 2143 382 2214 caeteris
410 2141 649 2231 doctissimum,
676 2140 820 2236 mihique
846 2139 1084 2213 amicissimum
1112 2142 1270 2236 collegam

153 2269 335 2343 Eouaauuu
361 2267 570 2340 Enouuvsuu
597 2276 710 2361 gratus
739 2266 884 2338 nomino.
927 2266 1043 2364 Magno
1071 2271 1167 2339 etiam
1196 2268 1274 2339 sub·

153 2397 235 2469 sidio
264 2396 343 2467 mihi
371 2396 431 2467 fuit
456 2396 593 2466 versio
611 2393 765 2486 Ficini,
794 2395 860 2490 qui,
886 2395 962 2467 licet
987 2396 1056 2492 ipse
1074 2395 1274 2487 Platonicus,

153 2522 391 2620 philosophiam
421 2521 869 2606 Aristotelicoscholasticam
898 2522 1020 2619 optime
1047 2523 1192 2594 callebat.

228 2651 341 2747 Neque
383 2649 522 2720 fontes
560 2648 775 2744 negligendos
809 2672 880 2721 esse
913 2650 1037 2747 putavi,
1082 2673 1120 2720 ex
1154 2649 1273 2745 quihus

153 2787 267 2850 noster
299 2777 421 2868 hausit,
453 2777 538 2847 inter
573 2800 655 2871 quos
681 2776 938 2851 Aristoteles
966 2777 1108 2873 primum
1148 2776 1274 2847 obtinet

80 2882 81 2885 Ἴ
152 2906 273 2978 locum.
320 2903 480 2975 Graecum
501 2902 672 2996 stagiritae
698 2914 822 2976 textum
851 2903 989 2975 Dantem
1019 2928 1083 2975 non
1111 2903 1274 2994 habuisse,

154 3056 277 3129 neque,
299 3031 325 3102 si
354 3028 537 3122 habuisset,
566 3029 745 3126 intelligere
774 3031 928 3125 potuisse,
954 3031 1049 3102 hodie
1078 3030 1145 3101 fere
1174 3055 1272 3102 nemo

154 3158 288 3231 dubitat.
333 3158 406 3229 Non
434 3168 508 3253 apte
533 3154 634 3251 igitur
660 3182 775 3254 passus
802 3168 947 3231 anostro
974 3158 1120 3231 laudatos
1147 3159 1273 3254 graecis

154 3285 260 3357 verbis
285 3284 477 3356 attulissem.
519 3283 631 3379 Neque
658 3285 779 3356 rectius
806 3296 954 3381 egerunt,
980 3285 1186 3382 caeteroquin
1216 3310 1274 3382 op·

154 3412 233 3483 time
253 3413 368 3504 meriti,
387 3410 645 3482 Mediolanenses
665 3409 810 3483 Convivii
835 3413 977 3484 editores
995 3409 1133 3512 (1826);
1151 3436 1273 3509 appen-

154 3539 235 3612 dicis
268 3539 339 3610 loco
368 3564 449 3634 quae
475 3537 597 3608 llantes
624 3561 663 3609 ex
688 3538 862 3611 Aristotele
889 3541 1055 3631 citaverat,
1088 3540 1272 3633 secundum

153 3667 321 3739 versiones
347 3665 467 3738 saeculi
495 3663 612 3735 decimi
640 3666 743 3762 quinti
770 3679 803 3738 et
828 3667 947 3739 decimi
974 3667 1072 3757 sexti,
1106 3678 1141 3738 ut
1167 3667 1274 3739 Theo-

155 3793 226 3866 dori
262 3792 382 3885 Gazae,
414 3791 582 3864 Francisci
616 3792 755 3884 Vatabli,
789 3791 920 3888 Georgii
955 3793 1079 3885 Vallae,
1114 3794 1272 3866 lobannis

154 3919 350 4016 Argyropuli
378 3921 448 3992 rell.
476 3919 683 4009 exhibentes3
718 3922 937 3992 certissimum
966 3920 1054 3991 enim
1082 3933 1148 4012 est,
1174 3923 1271 3993 etiam

155 4047 206 4119 bis
240 4047 381 4119 vestibus
415 4047 567 4120 indutum
602 4047 809 4119 Aristotelem
845 4045 940 4118 Danti
976 4048 1076 4119 luisse
1111 4049 1272 4144 ignotum.

155 4173 205 4246 Ad
224 4198 278 4245 eas
297 4172 396 4268 igitur
414 4175 581 4246 versiones
608 4183 676 4244 erat
692 4173 940 4265 recurrendum,
966 4173 999 4245 in
1027 4174 1145 4270 quibus
1173 4200 1272 4274 opera
