2940 4808
465 302 746 358 eaouucounua
915 286 917 291 ’
1057 307 1177 363 xxxux
1280 285 1281 288 ‘

286 471 369 527 AUG.
388 472 446 526 ΤΒ.
465 473 591 526 XXXVI.
613 477 634 526 l.
653 473 698 539 (D.
715 473 798 528 Mon.
815 474 864 528 III.
886 479 935 541 13.)

105 594 316 685 „Dominium
342 596 486 667 naturale
507 606 537 667 et
556 596 737 691 politicum,
763 607 794 668 et
820 608 909 670 recto
927 608 959 670 et
973 596 1062 693 justo
1082 599 1174 671 titulo

105 722 318 817 acquisitum,
352 734 526 818 sequutum
565 733 615 794 est
649 723 885 817 sacerdotium,
922 726 995 823 quie
1029 727 1092 800 tale
1120 726 1176 798 do·

107 848 246 921 minium
282 850 314 920 in
350 850 569 922 ministerium
605 851 776 923 sacerdotii
810 864 842 923 et
875 852 907 923 in
942 853 1114 925 tuitionem
1143 864 1175 924 et

106 975 332 1048 defensionem
351 977 516 1049 Ecclesiae
534 1002 727 1050 concessum
747 987 796 1048 est
818 1031 941 1052 .....
969 978 1107 1052 Planum
1126 991 1175 1052 est

106 1114 226 1194 autem,
250 1104 334 1200 quod
356 1105 575 1176 sacerdotium
593 1105 702 1177 statim
721 1115 796 1201 post
813 1105 967 1178 diluvium
989 1106 1172 1178 institutum

105 1229 167 1300 luit
193 1231 226 1300 in
254 1254 394 1326 persona
413 1230 670 1323 Melchisedech,
690 1234 744 1330 qui
772 1256 939 1304 summum
961 1234 1173 1327 sacerdotem,

105 1356 158 1452 qui
179 1380 268 1428 nunc
294 1367 352 1449 est,
383 1359 585 1455 significahat
605 1413 730 1432 .....
748 1359 914 1443 Quantum
933 1360 972 1431 ad
989 1383 1173 1455 personam,

101 1507 215 1554 verum
245 1495 303 1576 est,
331 1487 416 1581 quod
437 1486 621 1557 dominium
641 1486 754 1582 papale
773 1487 807 1557 in
835 1486 927 1558 beato
939 1485 1035 1558 Petro
1063 1488 1174 1583 incoe-

105 1611 168 1706 pit,
206 1613 260 1707 qui
296 1613 356 1683 luit
382 1613 509 1708 primus
536 1612 636 1708 Papa,
671 1637 767 1709 quem
796 1613 929 1709 planum
965 1625 1030 1706 est,
1063 1615 1172 1710 plures

103 1730 321 1834 Imperatores
348 1748 380 1810 et
404 1738 511 1833 Reges
545 1741 760 1836 praecessisse
794 1741 828 1812 in
854 1740 1082 1837 temporalium
1119 1742 1173 1813 ad·

104 1865 358 1957 ministratione3
394 1890 458 1937 non
487 1878 595 1938 autem
631 1877 788 1965 quantum
825 1869 865 1940 ad
899 1869 1001 1964 ipsius
1037 1869 1172 1940 dominii

97 1989 380 2085 jurisdictionem,
408 2018 524 2092 quam,
552 2019 612 2066 nec
640 2006 733 2087 ante,
763 2018 823 2067 nec
849 2006 933 2092 post,
967 1994 1077 2066 nullus
1104 1994 1173 2067 Rex

100 2120 151 2190 vel
179 2120 359 2216 Imperator
386 2121 504 2193 habere
524 2132 640 2217 potest,
667 2122 765 2194 nisio
794 2122 934 2212 Christo,
961 2132 992 2192 et
1010 2147 1067 2218 per
1095 2147 1173 2194 con·

101 2270 253 2342 sequens,
280 2249 343 2319 nisi
371 2273 388 2318 a
415 2249 530 2345 Papa.“

52 2374 191 2446 XXXVI.
220 2376 254 2444 l.
292 2376 433 2466 „Verum
462 2385 521 2468 est,
554 2375 788 2471 imperatorem
816 2375 917 2446 luisse
951 2385 1025 2447 ante
1052 2375 1170 2472 Papam

102 2511 259 2598 quantum
288 2502 327 2573 ad
355 2527 540 2598 personam,
566 2503 621 2573 sed
660 2527 725 2573 non
762 2513 919 2597 quantum
953 2502 992 2574 ad
1029 2504 1171 2574 cilicium
1185 2481 1193 2487 ,‚

101 2640 133 2700 et
151 2629 304 2723 liguram.
343 2629 507 2701 Successit
519 2630 606 2701 enim
623 2629 761 2725 Papatus
773 2630 1031 2701 etsucerdotlurn
1050 2628 1170 2701 Christi

101 2757 283 2828 sacerdotio
306 2755 467 2848 Levitico,
502 2767 534 2827 et
568 2757 786 2829 sacerdotium
806 2755 987 2827 Leviticum
1015 2757 1172 2829 successit

99 2883 281 2954 sacerdotio
302 2884 383 2977 legis
411 2894 555 2955 naturae.
594 2883 687 2954 Unde
714 2882 938 2974 universaliter
952 2884 1169 2954 sacerdotium
1237 2951 1239 2954 Α

100 3010 162 3081 luit
189 3019 263 3080 ante
289 3009 486 3105 Imperium,
513 3064 629 3081 .....
658 3035 717 3082 uec
751 3011 853 3081 dictae
887 3018 1060 3105 potestates
1095 3023 1171 3081 sunt

100 3136 256 3208 discretae
284 3147 316 3209 et
342 3136 496 3228 diversae,
523 3138 596 3232 quia
624 3161 688 3208 uua
708 3160 772 3207 non
801 3137 974 3210 reducatur
1000 3139 1033 3208 in
1057 3138 1170 3228 aliam3

100 3275 236 3359 utraque
263 3264 350 3335 enim
380 3273 429 3334 est
455 3288 471 3334 a
500 3263 585 3334 Deo:
613 3265 668 3334 sed
690 3263 875 3359 Apostolica
903 3276 936 3335 et
960 3265 1169 3336 sacerdotalis

103 3390 303 3482 immediate,
330 3390 512 3487 lmperialis
539 3414 614 3461 vero
643 3391 807 3462 mediante
834 3391 1018 3486 Apostolica
1046 3393 1094 3462 vel
1122 3416 1171 3463 sa·

101 3517 286 3588 cardoun.
314 3572 410 3588 ....
437 3517 520 3614 Papa
550 3542 615 3588 non
644 3519 738 3590 dehet
765 3543 921 3614 usurpare
948 3519 1168 3590 immediatam

99 3645 323 3716 executionem
340 3643 388 3714 vel
401 3645 718 3718 administrationem
732 3647 972 3743 temporalium,
984 3669 1025 3716 ne
1036 3656 1169 3741 propter

97 3770 195 3842 talem
222 3773 448 3844 executionem
467 3772 612 3867 implicet
638 3796 672 3843 se
700 3773 839 3867 negotiis
867 3771 1100 3862 saecularilaus3
1119 3814 1168 3823 -

97 3898 152 3970 sed
183 3923 221 3968 ex
248 3899 311 3969 hoc
330 3923 396 3969 non
416 3899 616 3971 subtrahitur
643 3900 829 3971 dominium
850 3898 1078 3995 temporalium
1107 3899 1169 3995 ipsi

96 4025 210 4121 Papae,
237 4027 311 4121 quia
340 4027 372 4096 in
401 4026 526 4097 delictis
554 4038 586 4098 et
611 4026 771 4098 violentiis
800 4049 866 4096 uon
892 4025 995 4121 possit
1027 4026 1168 4122 Impera·

97 4163 183 4224 tores
211 4164 243 4224 et
268 4152 374 4249 Reges
402 4154 643 4248 corrigere„et
670 4177 726 4224 eos
756 4152 901 4224 dominio
938 4153 1166 4249 temporalium

964 4283 979 4322 θ
