2940 4808
298 313 339 381 vr
722 321 1006 380 rnonsconmm.

304 501 434 596 periri
463 499 593 570 debet.
614 477 663 550 ζ·-
690 499 843 570 Schera:
870 500 911 569 in
939 501 1026 596 ipsa
1053 500 1165 575 total.
1192 523 1325 595 reper.
1353 503 1424 572 de·

303 627 412 699 0331.
447 606 748 723 0301103811,
776 626 823 698 90
853 628 1019 722 princeps:
1046 626 1095 697 Et
1127 637 1279 722 quanto
1299 652 1423 700 causa

299 766 368 827 331
394 744 524 849 magis
552 763 614 824 est
641 778 772 824 33333.
793 795 837 804 -
859 753 1009 825 Schard.:
1044 753 1093 824 Et
1118 765 1273 848 quanto
1301 780 1422 827 33033

303 884 435 976 magis
469 879 530 952 est
563 904 697 952 causa.
752 879 824 951 Lib.
853 879 880 948 11
914 881 1035 976 cap2
1076 881 1132 950 lin.
1162 881 1209 950 22
1253 883 1423 978 princeps:

303 1010 376 1081 Dei
397 1009 646 1080 naturantis.
667 1049 715 1058 -
735 1007 886 1079 Sohard.:
914 1006 985 1078 Dei
1005 1008 1263 1079 maturantis.
1301 1007 1378 1104 Gap.
1400 1010 1421 1081 3

306 1138 364 1208 03.
404 1137 446 1207 10
483 1136 651 1231 princeps:
703 1133 905 1204 videlicet
938 1136 1142 1230 propriae.
1177 1177 1226 1185 -
1268 1136 1423 1207 83133313

307 1265 621 1359 videtproprae.
641 1261 789 1332 11113103.
809 1262 1423 1357 283003303033330133313303.

305 1433 355 1449 -
374 1391 526 1462 Sohard.:
554 1412 726 1482 quorum
748 1398 1026 1484 utrorumque.
1061 1388 1138 1459 lbid.
1159 1388 1214 1460 lin.
1235 1390 1282 1459 78
1302 1391 1424 1485 princ:

306 1517 432 1602 Quem
452 1517 535 1588 tibi.
555 1558 605 1567 —
624 1515 777 1588 Schard.:
805 1517 928 1600 Quem
948 1517 1014 1588 ihi.
1060 1515 1137 1610 ibid.
1158 1517 1213 1588 113.
1234 1516 1277 1587 81
1302 1518 1423 1612 princ:

307 1646 355 1715 de
383 1644 549 1715 Didone.
579 1683 627 1693 -
654 1640 805 1714 Schard.:
834 1645 879 1713 de
906 1642 1104 1714 Diodone.
1159 1643 1237 1738 Gap.
1266 1645 1287 1714 5
1315 1645 1371 1717 lin.
1400 1647 1423 1716 4

307 1773 427 1868 princ:
447 1781 484 1841 et
502 1779 697 1865 corrupta
717 1772 958 1866 corrumpit.
981 1813 1028 1823 —
1047 1770 1198 1842 setara:
1226 1783 1423 1867 corrupta

305 1910 346 1969 31
380 1921 483 1969 corr.
538 1895 615 1992 Cap.
644 1895 665 1966 7
694 1897 750 1966 lin.
780 1896 827 1972 62
856 1898 975 1992 princ:
1012 1899 1193 1993 populus
1220 1923 1238 1968 3
1266 1909 1423 1970 natura.

305 2066 358 2077 -
385 2002 537 2096 03113313
564 2047 650 2119 pop.
680 2034 843 2094 natura:
884 2023 961 2120 Cap.
995 2024 1038 2094 10
1067 2025 1123 2096 113.
1153 2025 1200 2096 60
1229 2026 1350 2121 princ:
1379 2027 1425 2097 de

308 2143 469 2224 00030.
498 2193 545 2202 -
575 2151 728 2222 Schardc
756 2152 802 2221 de
831 2148 1012 2244 Goliath.

409 2280 720 2349 Aacanroanransrs
755 2280 831 2348 anni
863 2276 958 2348 1009
995 2277 1093 2348 editio
1122 2277 1357 2348 Schardianam
1384 2279 1423 2349 ad

309 2406 434 2477 literam
471 2414 633 2498 repetere,
651 2405 769 2481 ,immo
799 2405 912 2475 eadem
941 2428 1015 2475 cum
1045 2404 1113 2496 1113,
1149 2416 1272 2476 mutato
1300 2415 1424 2476 tantum

310 2534 416 2623 111310,
442 2554 512 2602 3333
538 2531 675 2601 videtur.

247 2671 269 2703 V
309 2708 311 2713 ·
413 2657 690 2736 Offenbachiensis
716 2658 867 2729 Joacnmr
886 2657 1028 2748 (130333,
1055 2656 1294 2753 Megapolitani,
1319 2658 1429 2750 editio,

164 2841 175 2859 2
310 2785 474 2857 Conradio
510 2784 743 2875 Rittershusio,
780 2784 867 2855 turis
904 2784 1054 2854 consulto
1094 2783 1164 2878 ejus
1198 2786 1310 2856 aetatis
1345 2787 1428 2858 3313·

311 2903 466 3002 berrimo,
493 2912 606 3003 dicata,
632 2936 713 3008 quae
733 2936 859 3002 omnes,
885 2913 940 3006 qui
958 2912 999 2981 de
1018 2911 1078 2982 hoc
1097 2922 1290 3006 argumento
1315 2925 1429 2985 tracta·

310 3050 398 3130 runt,
424 3040 509 3110 viros
528 3040 649 3128 doctos,
677 3040 708 3109 in
729 3050 886 3133 quantum
905 3038 1008 3130 video,
1035 3039 1127 3131 fugit,
1153 3040 1333 3136 principem
1361 3051 1428 3111 tam

309 3186 422 3262 'presse
441 3167 597 3261 sequitur,
617 3178 650 3237 ut
668 3166 934 3236 emendationum
955 3167 988 3235 in
1007 3166 1113 3261 primo
1132 3165 1215 3235 libro
1234 3191 1250 3236 3
1270 3167 1430 3240 Schardio

311 3295 344 3364 in
382 3303 502 3364 textum
539 3304 742 3388 receptarum
771 3316 837 3363 303
866 3293 927 3363 3131
955 3293 1133 3362 secundam
1161 3303 1193 3362 31
1221 3294 1365 3366 nltimam
1395 3297 1428 3365 in

309 3434 391 3491 3303
425 3444 502 3491 3303
537 3421 751 3509 converterit,
786 3420 981 3490 mutationes
1008 3443 1085 3489 vero
1113 3420 1146 3489 iu
1174 3420 1318 3491 secundo
1346 3422 1429 3494 libro

311 3549 411 3619 factas
437 3546 586 3640 rejecerit
614 3572 740 3617 omnes.

416 3675 505 3758 Quae
532 3699 566 3743 sc
594 3672 759 3745 Cononma
777 3674 997 3746 ALLOBROGUM
1024 3669 1211 3771 (Ginevrae)
1233 3698 1270 3743 ex
1299 3674 1430 3745 officina

309 3800 417 3872 Hem.
444 3791 516 3872 Alb:
539 3800 658 3873 Grosse
686 3801 843 3895 prodiisse
871 3802 1041 3896 significat,
1068 3801 1173 3894 reipsa
1200 3810 1307 3871 tamen
1328 3801 1432 3871 Vene-

318 3929 371 3999 103
390 3952 448 4024 per
466 3927 658 4009 Pasoomnn
676 3929 760 4024 typis
786 3953 936 4023 expressa
965 3951 1035 3998 esse
1063 3926 1189 4018 dicitur,
1216 3927 1325 4016 editio,
1353 3938 1433 3999 teste

315 4055 584 4150 praefatiuncula,
620 4055 871 4143 S‘chardianam,
904 4055 952 4124 vel
987 4054 1094 4150 potius
1121 4054 1430 4149 Argentoratensem

308 4181 384 4275 ejus
402 4181 646 4278 repetitionem,
673 4183 733 4254 sibi
759 4181 928 4277 proposuit
955 4182 1160 4271 imitandam,
1179 4193 1211 4251 et
1238 4205 1278 4251 ne
1298 4182 1430 4276 quidem
