2940 4808
453 319 589 377 DANTIS
607 319 826 377 MONARCHIA
842 319 890 376 III.
909 319 937 374 C.
956 325 980 375 2.

620 583 742 657 [CAPUT
764 583 810 657 m]

241 714 294 781 Ad
313 720 513 800 praesentem
528 716 746 796 quaestionem
763 715 1004 798 discutiendam,
1026 715 1108 781 siout
1128 716 1163 780 in
1183 737 1275 800 supe-

154 818 292 885 rioribus
313 822 362 882 est
383 824 563 901 peractum,
593 816 725 899 aliquod
746 818 936 903 principium
965 823 1014 883 θεῖ
1035 817 1274 903 adsumendum,

155 921 189 985 in
217 920 333 986 virtute
362 920 452 1003 eujus
479 918 673 1002 aperiendae
702 919 848 986 veritatis
876 925 1061 1002 argumenta
1093 919 1274 988 formentur.

154 1024 240 1089 Nam
263 1022 332 1090 sine
353 1021 495 1106 praefixo
517 1022 689 1106 principio,
718 1022 815 1089 etiam
843 1042 921 1088 vern
948 1020 1098 1105 dioendo,
1128 1024 1275 1090 laborare

157 1123 235 1207 quid
255 1121 409 1208 prodest?
434 1142 530 1205 quum
551 1124 742 1209 principium
756 1126 859 1191 solum
874 1123 1141 1192 adsumendorum
1156 1124 1274 1193 medio·
1295 1143 1309 1189 5

154 1247 224 1292 rum
246 1226 288 1292 sit
309 1225 410 1291 radix.

241 1328 331 1394 Haeo
362 1328 459 1410 igitur
491 1327 718 1411 irrefragabilis
758 1329 876 1396 veritas
908 1329 1116 1415 praefigatur,
1156 1328 1278 1396 soilioet

155 1430 261 1511 quod
293 1430 416 1515 illud,
455 1429 559 1513 quod
591 1435 760 1498 naturae
802 1432 1026 1499 intentioni
1061 1439 1276 1517 repugnat,

156 1533 263 1598 Deus
285 1533 399 1600 nolit.
437 1533 521 1598 Nam
543 1532 571 1597 si
593 1533 654 1600 hoo
668 1553 779 1600 verum
799 1555 863 1601 non
880 1538 974 1618 esset,
998 1533 1275 1601 eontradiotorium

156 1632 227 1718 ejus
255 1655 317 1702 non
346 1641 432 1702 θεεθῖ
459 1636 590 1720 falsum,
632 1634 718 1719 quod
747 1640 809 1702 est:
843 1637 948 1703 Deum
974 1657 1038 1702 non
1070 1638 1156 1703 nolle
1189 1634 1276 1718 quod
1295 1660 1325 1710 ιο

153 1742 287 1803 naturae
308 1737 475 1804 intentioni
496 1744 660 1824 repugnat.
705 1737 746 1802 Et
774 1738 802 1803 si
830 1739 891 1804 hoo
911 1759 975 1804 non
996 1737 1127 1822 falsum,
1156 1759 1217 1805 neo
1237 1758 1276 1804 ea

157 1859 239 1923 quae
266 1847 439 1922 sequuntur
466 1839 509 1904 ad
536 1840 650 1925 ipsum.
701 1839 903 1924 Impossibile
931 1838 1016 1904 eninr
1044 1845 1093 1905 θεῖ
1114 1840 1147 1904 in
1167 1860 1275 1906 neees-

154 1940 247 2006 sariis
269 1942 502 2024 consequentiis
523 1941 639 2007 falsum
661 1960 732 2008 osse
755 1960 959 2024 consequens,
982 1939 1190 2006 antecedente
1212 1961 1277 2007 non

153 2043 236 2110 falso
259 2044 424 2111 existente.

241 2144 306 2213 Sed
328 2144 371 2209 ad
393 2166 468 2211 non
490 2145 617 2229 nolle,
640 2145 775 2211 alterum
797 2145 930 2212 duorum
952 2145 1094 2226 sequitur
1112 2143 1152 2208 de
1167 2164 1273 2211 neees-
1296 2168 1325 2220 15

155 2247 266 2330 sitate,
300 2252 355 2312 aut
386 2247 513 2331 velle,
547 2251 707 2313 autnon
735 2248 861 2315 velle:
894 2248 975 2313 siout
1007 2245 1051 2311 ad
1083 2266 1146 2313 non
1174 2246 1273 2330 odire,

154 2349 334 2416 neeessario
357 2349 513 2432 sequitur,
543 2355 598 2414 aut
626 2368 748 2433 amare,
778 2355 833 2416 aut
861 2370 925 2417 non
954 2369 1076 2415 amare:
1104 2348 1275 2415 nonenim

154 2471 219 2518 non
246 2471 369 2534 amare,
398 2456 448 2516 est
476 2450 578 2534 odire,
608 2471 667 2517 neo
694 2471 757 2518 non
785 2453 885 2536 velle,
916 2458 964 2520 est
982 2452 1083 2534 nolle,
1112 2455 1146 2515 ut
1176 2449 1273 2518 dese

154 2559 252 2637 patet.
291 2554 381 2634 Quae
403 2553 431 2618 si
451 2553 535 2617 falsa
556 2574 619 2619 non
641 2559 721 2636 sunt,
744 2554 806 2619 ista
820 2574 883 2620 non
902 2554 962 2621 erit
982 2553 1081 2618 falsa:
1103 2554 1192 2619 Deus
1206 2553 1276 2618 vult

154 2654 241 2737 quod
262 2676 326 2721 non
347 2655 429 2738 vult3
455 2655 544 2738 euJus
566 2654 690 2721 falsitas
711 2655 895 2744 nonhabet
917 2657 1121 2741 superiorem.
1294 2677 1326 2730 20

239 2755 333 2837 Quod
354 2761 461 2823 autem
484 2776 593 2822 verum
615 2757 657 2822 sit
679 2755 765 2839 quod
788 2755 917 2840 dieitur,
940 2757 987 2821 sio
1009 2755 1151 2822 deelaro:
1173 2755 1273 2821 Mani-

153 2857 270 2924 festum
299 2863 347 2924 est
383 2858 469 2941 quod
498 2858 586 2925 Deus
618 2855 713 2924 finem
748 2863 881 2923 naturae
911 2857 993 2922 vult:
1029 2857 1123 2922 aliter
1152 2858 1275 2924 eoelum

153 3040 219 3110 Cap.
238 3041 273 3095 Π.
301 3041 350 3094 ¹L.
362 3046 464 3117 quaest.
483 3041 688 3098 discernendum
807 3040 987 3106 antecedente,
1006 3041 1083 3109 quod*
1094 3040 1207 3110 probari
1214 3047 1275 3111 pot-

200 3129 217 3193 ¹,
236 3127 247 3159 ²
265 3127 296 3180 F.
315 3127 386 3181 sient
403 3127 431 3179 in
443 3127 654 3198 precedentibus
807 3130 856 3180 est.
880 3156 915 3163 —
942 3125 981 3180 M.
1000 3127 1028 3181 t'n
1051 3142 1152 3182 necess.
1170 3132 1274 3181 antece·

196 3211 468 3284 πΕῖῖᾱ.,θνῖθθῂθῖῖθη
480 3212 688 3267 estsnnnendnm
808 3209 887 3264 dente
908 3242 943 3250 -
969 3210 1111 3279 Sequimur
1134 3210 1273 3278 editiones,

197 3298 208 3329 ⁴
227 3297 352 3352 laborare
370 3296 444 3351 deest
460 3297 489 3351 in
506 3297 538 3350 F.
808 3295 971 3351 auctoritate
988 3295 1077 3350 Fieini
1093 3297 1210 3366 adjutos.

197 3383 208 3414 ⁷
224 3381 256 3436 F.
274 3381 353 3437 Haec
369 3398 434 3452 erqo
453 3382 546 3452 irresr.
760 3381 781 3414 ¹¹
798 3382 837 3454 Δ.Ι
851 3382 890 3435 Μ.
914 3398 963 3437 nee
986 3398 1040 3437 non
1064 3381 1137 3437 nolte
1162 3390 1274 3436 estnon

238 3466 295 3534 Ita,
314 3465 421 3521 codices
443 3467 475 3520 F.
492 3467 526 3520 H.
545 3467 575 3521 P.
593 3469 626 3525 V.
646 3485 687 3524 se·
808 3467 875 3522 nelle
894 3497 923 3505 -
942 3466 974 3520 F.
997 3483 1047 3522 nee
1069 3483 1124 3521 non
1148 3464 1214 3520 velte
1234 3469 1275 3518 est

222 3551 311 3620 qunti,
336 3551 502 3620 scripsimus.
527 3585 560 3593 -
588 3553 620 3606 L.
648 3555 687 3612 M.
808 3569 862 3608 non
880 3551 952 3606 nolle
971 3587 1000 3595 -
1019 3551 1050 3605 P.
1068 3566 1190 3607 necnon
1207 3549 1274 3604 nelle

214 3636 511 3708 pruefianotnr-A.
522 3639 688 3710 praesiqne·
809 3643 849 3692 est
867 3636 933 3692 nelle

221 3725 267 3774 tor
283 3751 318 3758 —
334 3720 403 3775 Edd.
416 3719 614 3792 praemittetur
771 3723 792 3756 ¹⁰
808 3721 841 3775 F.
861 3720 930 3787 Onia
946 3723 972 3775 εἰ
986 3721 1063 3791 falsa
1077 3749 1110 3758 -
1125 3719 1157 3773 L.
1176 3717 1235 3784 Quo
1251 3718 1278 3771 si

182 3805 204 3837 ¹⁰
220 3805 260 3861 M.
272 3805 358 3860 Deum
376 3822 431 3859 non
444 3805 591 3860 nelle-H.
602 3807 689 3863 Deum
808 3807 885 3878 false
904 3838 934 3846 -
953 3805 990 3858 M.
1009 3804 1088 3870 (tuoe
1103 3805 1130 3858 si
1144 3802 1223 3873 falsa

222 3888 304 3954 nolte,
313 3888 454 3958 interjecto
463 3889 534 3945 inter
542 3891 626 3948 lineas
634 3910 690 3948 non
824 3891 863 3944 M.
882 3891 935 3945 iste
952 3905 1007 3944 non
1025 3889 1077 3943 erit
1092 3888 1197 3960 falsum

182 3975 200 4008 ¹¹
218 3974 252 4028 A.
280 3990 335 4028 non
361 3973 467 4043 falsum
493 3981 533 4029 est
557 4007 592 4016 -
619 3977 688 4032 Edd.
766 3977 791 4011 ²⁰
806 3974 839 4030 V.
858 3975 940 4046 enjus
954 3973 1177 4046 falsitatis-L.
1194 3972 1276 4045 enjus

222 4075 277 4112 non
294 4063 334 4113 est
349 4058 453 4128 fntsnm
807 4060 928 4131 felicitas

180 4144 202 4178 ¹³
218 4144 252 4197 A.
274 4143 307 4197 F.
331 4144 366 4198 Η,
384 4144 416 4199 L.
442 4144 473 4198 P.
491 4143 523 4196 V.
549 4144 577 4197 in
601 4160 689 4201 neees-
766 4148 788 4180 ²¹
806 4145 837 4199 P.
857 4143 968 4198 omittit:
988 4144 1062 4216 qnod
1078 4145 1179 4200 dieitur

220 4229 302 4283 soriis
319 4244 486 4298 consequens
501 4228 606 4298 falsum
624 4246 689 4296 esse,
