2940 4808
423 319 557 374 DANTIS
576 320 794 376 MONAROHIA
810 320 831 373 l.
850 319 879 374 C.
900 325 938 374 14.
957 325 1018 388 (16).
1240 319 1280 379 29

159 491 251 559 aliter
275 491 492 577 Garamantes,
516 494 570 575 qui
592 493 651 558 sub
674 492 900 573 aequinoctiali
923 493 1113 576 habitantes,
1137 499 1168 559 et
1190 514 1279 562 coae—

159 599 289 675 quatam
317 614 442 680 semper
464 596 568 662 lucem
596 593 742 659 diurnam
764 595 866 660 noctis
888 594 1035 660 tenebris
1050 595 1215 678 habentes,
1239 598 1279 662 ob

157 700 264 762 aestus
311 696 394 762 aeris
433 696 630 762 nimietatem
663 696 860 762 vestimentis
893 696 1010 780 operiri
1041 717 1105 763 non
1136 703 1277 780 possunt.

157 796 223 864 Sed
245 797 291 863 sic
312 798 554 879 intelligendum
577 802 634 881 est,
657 803 692 862 ut
712 798 884 863 humanum
905 815 1006 878 genus
1028 797 1201 862 secundum
1221 818 1279 863 sua
1296 803 1328 852 35

157 899 352 983 communia,
388 920 470 982 quae
504 900 650 966 omnibus
684 903 881 983 competunt,
920 900 961 964 ab
995 920 1033 966 eo
1068 905 1211 983 regatur,
1246 906 1278 965 et

156 1000 315 1067 communi
329 1002 441 1082 regula
455 1002 648 1082 gubernetur
662 1001 705 1066 ad
716 1021 838 1083 pacem.
869 1001 972 1078 Quam
984 1000 1113 1082 quidem
1124 1003 1277 1087 regulam,
1295 1001 1299 1018 ‘

154 1101 223 1167 sive
254 1102 373 1187 legem,
407 1103 617 1187 particulares
649 1102 809 1188 principes
842 1103 884 1167 ab
914 1123 951 1167 eo
980 1103 1121 1186 recipere
1150 1102 1276 1187 debent,

153 1207 318 1285 tamquam
350 1205 530 1270 intellectus
557 1195 716 1288 practicus
743 1202 786 1267 ad
815 1203 1049 1269 conclusionem
1079 1206 1278 1286 operativum

154 1305 268 1390 recipit
295 1308 447 1397 maiorem
474 1305 724 1390 propositionem
752 1306 794 1369 ab
822 1305 986 1371 intellectu
1008 1305 1222 1390 speculativo,
1245 1313 1277 1373 et
1295 1311 1327 1360 40

152 1407 213 1471 sub
241 1407 299 1471 illa
326 1407 564 1492 particularem,
599 1426 681 1488 quae
712 1408 840 1491 proprie
870 1426 927 1471 sua
961 1413 1023 1491 est,
1057 1406 1210 1491 adsumit,
1247 1414 1277 1474 et

154 1507 387 1590 particulariter
414 1509 458 1573 ad
486 1509 701 1594 operationem
725 1509 892 1575 concludit.
936 1510 978 1573 Et
1000 1510 1061 1575 hoc
1088 1529 1151 1575 non
1174 1510 1277 1575 solum

154 1607 358 1691 possibile
380 1615 428 1676 est
450 1611 519 1693 uni,
544 1610 602 1677 sed
623 1631 790 1680 neccsse
813 1617 861 1679 est
882 1612 923 1676 ab
946 1630 1008 1677 uno
1030 1611 1219 1696 procedere,
1243 1616 1277 1675 ut

112 1770 113 1774 ,
154 1709 256 1775 omnis
286 1711 427 1778 confusio
458 1712 497 1779 de
524 1712 689 1796 principiis
723 1713 957 1779 universalibus
988 1713 1156 1780 auferatur.
1207 1714 1277 1780 Hoc

155 1810 252 1877 etiam
274 1812 392 1878 iacmm
406 1814 503 1880 fuisse
518 1835 576 1897 per
589 1815 703 1899 ipsum,
725 1815 796 1897 ipse
810 1817 940 1899 Moyses
955 1815 988 1879 in
1005 1816 1077 1895 lege
1093 1814 1275 1881 conscribit:
1294 1819 1327 1868 45

154 1912 209 1994 qui
237 1914 415 1999 adsumptis
448 1917 636 2000 primatibus
671 1915 711 1983 de
739 1916 883 1982 tribubus
911 1916 1048 1982 filiorum
1081 1917 1195 1999 Israel,
1231 1917 1277 1982 eis

152 2013 302 2082 inferiora
330 2017 448 2082 iudicia
476 2018 690 2101 relinquebat,
720 2018 884 2102 superiora
912 2023 943 2085 et
971 2017 1186 2084 communiora
1214 2016 1277 2082 sibi

154 2117 217 2183 soli
238 2139 415 2204 reservans,
439 2119 553 2201 quibus
576 2119 841 2185 communioribus
863 2120 1033 2185 utebantur
1053 2119 1205 2203 primates
1219 2140 1277 2203 per

151 2218 253 2285 tribus
276 2240 366 2305 suas,
389 2221 563 2287 secundum
586 2220 671 2302 quod
692 2221 861 2304 unicuique
883 2221 980 2287 tribui
1002 2221 1211 2303 competebat.

237 2320 322 2403 Ergo
351 2322 464 2388 melius
487 2329 535 2389 est
556 2323 729 2388 humanum
750 2341 850 2405 genus
871 2341 1046 2408 perunum
1068 2323 1151 2406 regi,
1179 2341 1274 2404 quam
1292 2326 1325 2375 50

152 2442 210 2506 per
230 2423 339 2507 plura,
368 2430 400 2490 et
422 2423 469 2490 sic
497 2445 554 2509 per
576 2426 794 2509 Monarcham,
825 2424 878 2507 qui
900 2424 1011 2489 unicus
1039 2430 1087 2491 est
1109 2424 1272 2509 princepe,

151 2529 186 2592 et
214 2527 242 2591 si
269 2526 397 2610 melius,
426 2527 497 2592 Deo
525 2527 769 2611 acceptabilius,
800 2546 897 2608 quum
925 2527 1014 2592 Deus
1043 2545 1169 2608 semper
1197 2525 1275 2592 velit

178 2693 201 2726 ³⁴
219 2692 287 2747 Edd.
306 2698 417 2748 recenti.
435 2695 585 2748 restituenti
766 2695 789 2726 ‘¹⁷
806 2694 845 2747 M.
864 2695 972 2748 cariora
988 2693 1042 2747 sibi
1057 2692 1110 2746 soi'

179 2778 202 2811 ³⁸
219 2777 251 2830 F.
270 2778 302 2831 V.
321 2779 444 2850 requiam
462 2781 517 2834 sive
535 2780 607 2850 lepos
764 2779 788 2810 ¹⁸
804 2778 842 2834 M.
862 2778 1013 2833 carioribus
1030 2777 1177 2831 alebantur

178 2861 202 2895 ¹¹
221 2862 250 2915 F.
275 2862 313 2916 M.
339 2868 367 2916 et
397 2863 455 2917 edd.
483 2871 538 2918 ant.
562 2864 611 2919 sab
641 2863 687 2918 illo
766 2863 789 2895 ¹¹
806 2863 837 2914 F.
856 2863 889 2914 H.
906 2863 944 2915 M.
962 2862 992 2916 P.
1010 2863 1043 2915 V.
1058 2878 1113 2933 per
1131 2863 1273 2926 tribuisse-

215 2947 413 3018 particulcrem
808 2947 925 3000 cubricum

237 3033 270 3084 A.
288 3047 339 3086 sua
357 3038 396 3086 ert
408 3035 527 3103 proprio
822 3030 892 3084 Edd.
909 3032 960 3083 uni
976 3031 1060 3086 tribui

178 3118 203 3149 ⁴¹
220 3118 252 3170 A.
271 3117 310 3169 M.
329 3132 397 3170 vers.
415 3117 505 3172 Ficini
520 3148 554 3157 -
571 3117 604 3170 H.
614 3116 687 3170 L.P.
766 3117 788 3149 ⁵¹
806 3116 910 3170 Vellem
927 3131 1009 3185 quam
1021 3133 1076 3187 per
1088 3118 1185 3188 plures

220 3201 253 3256 V.
277 3208 304 3255 et
326 3200 385 3255 edd.
410 3201 443 3256 de
467 3204 558 3273 princ.
576 3201 688 3256 utilibus
823 3199 854 3256 F.
868 3216 922 3270 per
936 3200 1021 3271 plara
1038 3201 1217 3257 Monarclrom

221 3286 311 3356 aufer.
338 3317 372 3326 -
401 3287 433 3340 F.
473 3287 507 3341 de
542 3287 688 3358 principiis
766 3285 788 3318 ⁵¹
805 3284 890 3338 Editt.
907 3289 934 3337 et
950 3285 1273 3358 sicmeiiusacceptcbiii·

220 3371 368 3441 auferatur
807 3386 892 3440 usque
920 3377 959 3425 cst
981 3369 1039 3425 Deo
1063 3372 1156 3425 -sic
1180 3370 1274 3425 melius

179 3456 203 3489 ¹⁵
219 3455 288 3509 Edd.
307 3454 369 3511 Hoc
388 3456 536 3526 etfaciam
806 3455 907 3509 habent
929 3461 955 3509 et
972 3455 1003 3508 F.
1023 3459 1050 3508 et
1067 3454 1154 3508 Ficin.

236 3541 268 3595 F.
285 3541 391 3611 sactum
405 3557 459 3613 per
475 3541 564 3618 ipsam

178 3625 203 3658 ⁴¹
220 3625 252 3678 F.
271 3625 304 3679 dc
322 3625 393 3680 tribu
412 3624 532 3692 filiorum
551 3653 582 3663 -
600 3624 638 3678 M.
657 3623 687 3678 P.

221 3709 254 3762 de
272 3710 357 3764 tribus
372 3708 412 3777 fil.

221 3845 244 3877 ¹¹
263 3844 440 3898 Particularis
457 3844 621 3912 propositio,
646 3843 761 3898 alterum
778 3843 926 3913 syllogismi
943 3843 1103 3908 membrum,
1127 3842 1199 3911 quod
1216 3858 1272 3896 ma·

152 3913 203 3967 ioci
220 3912 399 3981 propositioni
415 3912 569 3976 subiicitur,
593 3928 647 3966 non
665 3917 706 3966 est
722 3911 874 3966 intellectus
893 3910 1064 3980 speculativi,
1088 3909 1135 3963 sed
1152 3909 1273 3978 practici,

154 3980 189 4035 ad
206 3997 286 4049 quem
303 3981 368 4044 sola,
386 3980 463 4050 quasi
480 3980 505 4034 ei
522 3980 645 4049 propria,
664 3983 784 4048 spectat,
809 3995 890 4099 Ἓηηι
900 3995 956 4099 per
974 3977 1170 4032 conclusionem
1188 3978 1223 4033 ad
1244 3978 1273 4032 id

152 4048 330 4103 tendatutad
340 4048 522 4117 operationem
531 4048 712 4117 perveniatur.
782 4048 805 4079 ¹⁵
852 4063 892 4100 xo
920 4050 983 4099 .1s.
1001 4062 1023 4098 v.
1046 4049 1151 4100 17-26.
1187 4046 1272 4101 Deu-

152 4120 323 4171 teronom.
356 4123 377 4169 t.
399 4134 423 4170 v.
444 4121 551 4170 lli-18.
622 4117 645 4149 ¹¹
662 4115 703 4169 Ea
726 4115 829 4170 scilicet
861 4130 930 4182 quae
959 4113 1084 4168 universo
1113 4113 1273 4169 Iudaeorum

151 4185 254 4253 populo
273 4189 349 4239 erant
367 4185 525 4238 communia.
595 4185 619 4217 ¹¹
637 4183 713 4238 Sicut
739 4181 917 4265 supradixit,
943 4182 1121 4252 particulares
1136 4183 1273 4252 principes

153 4268 322 4308 communem
354 4254 473 4322 regulam
501 4269 518 4307 a
547 4252 697 4308 Monarche
724 4265 844 4320 recrpere
874 4250 977 4305 debere.
