2940 4808
454 315 589 372 DANTIS
607 314 834 371 MONARCHIA
851 315 885 368 11.
903 331 926 370 c.
945 319 969 368 3.
1229 310 1269 370 45

134 489 329 557 andiendus
353 495 402 556 est
423 490 524 555 Poeta
551 493 672 571 noster,
702 486 903 554 introducens
932 488 965 552 in
992 487 1094 570 primo
1117 487 1271 555 Ilioneum

135 597 295 659 orantem
317 591 377 657 sic:

361 724 422 778 Rex
439 729 497 777 erat
514 723 620 777 Aeneas
638 723 731 788 nohis,
750 740 802 792 quo
818 723 919 792 justior
936 723 1004 777 alter

356 807 415 862 Nec
432 807 532 876 pietate
548 807 613 874 init,
633 823 682 863 nee
700 808 770 863 bello
788 808 875 877 major
892 813 919 862 et
936 807 1025 862 armis.
1290 815 1321 865 35

144 929 340 997 Audiendus
362 935 411 996 est
431 928 518 994 idem
539 928 573 993 in
595 935 703 1012 sexto,
734 930 788 1012 qui
817 949 912 1012 quum
942 929 981 995 de
1003 930 1124 996 Miseno
1147 934 1270 995 mortuo

153 1033 352 1115 loqueretur,
384 1030 437 1112 qui
465 1031 568 1095 iuerat
596 1031 742 1097 Hectoris
771 1032 914 1098 minister
940 1031 974 1095 in
1001 1032 1104 1113 bello,
1139 1036 1171 1095 et
1198 1036 1272 1114 post

152 1139 288 1201 mortem
310 1133 472 1216 Rectene,
495 1133 623 1199 Aeneae
646 1133 824 1198 ministrum
845 1153 879 1201 se
902 1133 1044 1215 dederat,
1069 1132 1146 1198 dicit
1166 1132 1271 1217 ipsum

153 1235 310 1301 Misenum
337 1255 420 1318 „non
448 1234 597 1300 inferiora
631 1234 829 1318 sequutum,“
857 1234 1125 1318 comparationem
1153 1234 1271 1301 iaciens

154 1335 195 1403 de
208 1337 320 1402 Aenea
335 1337 378 1402 ad
399 1337 578 1419 Hectorem,
602 1355 695 1417 quem
710 1357 788 1421 prae
803 1337 946 1402 omnibus
968 1337 1161 1402 Homerus
1177 1335 1271 1416 glori-
1289 1344 1322 1394 40

155 1435 229 1503 ficut
235 1487 244 1521 ,
266 1443 301 1502 ut
322 1438 418 1505 refert
439 1439 654 1523 Philosophus
675 1438 709 1502 in
730 1439 784 1521 iis,
816 1457 896 1519 quae
925 1437 964 1503 de
990 1438 1130 1503 moribus
1151 1437 1271 1520 fugien-

155 1538 204 1605 dis
225 1539 270 1604 ad
290 1540 528 1606 Nicomachum.

239 1643 398 1723 Quantum
419 1661 496 1708 vero
519 1640 561 1707 ad
587 1641 895 1723 hereditariam,
925 1641 1089 1722 quaelibet
1115 1662 1190 1727 pars
1219 1642 1271 1706 tri-

156 1743 265 1829 partiti
293 1745 378 1811 orbis
407 1743 580 1826 tamaris,
616 1763 712 1825 quarn
742 1743 930 1826 conjugibus
957 1743 1048 1808 illum
1086 1745 1273 1812 nobilitasse

154 1845 321 1913 invenitur.
1291 1858 1322 1906 45

238 1949 323 2013 Nam
344 1946 440 2013 Asia
461 1945 738 2032 propinquioribus
760 1946 864 2030 avis,
893 1952 938 2009 ut·
955 1946 1112 2013 Assaraco
1142 1953 1174 2012 et
1200 1948 1272 2013 aliis

158 2049 211 2133 qui
225 2049 400 2135 Phrygiam
413 2054 633 2131 regnaverunt,
649 2048 746 2114 Asiae
762 2048 932 2131 regionem,
955 2046 1039 2112 unde
1054 2053 1151 2130 poeta
1166 2055 1274 2115 noster

156 2151 188 2219 in
209 2151 318 2218 tertio:

359 2268 506 2337 Postquam
523 2283 567 2323 res
584 2268 677 2331 Asiae,
695 2266 846 2335 Priamique
865 2271 983 2320 evertere
999 2273 1104 2335 gentem

357 2353 521 2408 Immeritam
537 2352 626 2407 visum
642 2350 760 2420 Superis.
1292 2371 1324 2420 50

157 2472 316 2558 Europa
338 2493 413 2540 vero
436 2493 497 2539 avo
520 2472 755 2555 antiquissimo,
784 2472 905 2540 scilicet
930 2472 1090 2538 Dardano.
1135 2474 1274 2539 Africa

157 2594 283 2658 quoqne
305 2574 380 2639 avia
394 2574 623 2657 vetustissima,
646 2574 772 2642 Electra
794 2576 931 2657 sciHcet‚
953 2580 1030 2639 nata
1044 2575 1152 2656 magni
1173 2575 1272 2640 nomi-

183 2777 208 2810 ³³
224 2775 254 2829 P.
276 2774 411 2830 Ilioneum
428 2775 581 2830 hortantem
768 2776 791 2809 ⁴³
808 2775 840 2828 F.
860 2775 895 2830 ad
903 2790 999 2828 novam
1016 2773 1115 2828 lineam
1124 2760 1273 2841 recurrens,

183 2861 207 2894 ³⁸
224 2860 258 2914 H.
285 2859 423 2915 Videndnr
810 2859 905 2928 capitis
921 2859 1027 2913 initium
1036 2858 1156 2913 indicare
1170 2859 1275 2915 ridetur

183 2946 208 2978 ⁴¹
224 2944 380 3015 sopiendis,
407 2945 478 3014 quod
501 2960 592 3000 omnes
617 2946 692 3000 exhi·
769 2945 793 2977 ⁴⁶
810 2943 841 2996 F.
855 2945 1042 3014 propinquior
1060 2945 1118 2998 ocis

225 3031 304 3095 hent,
322 3035 422 3083 temere
439 3029 467 3084 in
479 3030 617 3101 [inpendia
633 3048 691 3085 mu·
768 3029 790 3061 ⁴⁷
808 3027 1091 3096 Edd.‚rciragantihns
1105 3029 1182 3085 libris
1193 3046 1274 3086 manu

226 3113 294 3168 tavit
321 3113 447 3179 Turnus,
483 3115 512 3168 in
540 3116 692 3187 [conpendia
810 3113 935 3180 exaratis,
954 3115 984 3167 tn
1000 3111 1124 3185 Pbrppr‘a

226 3199 478 3254 reroFraticcllius.
506 3200 631 3255 Temere:
650 3216 693 3256 re·
828 3197 898 3251 Eud.
918 3199 1028 3269 ruptone

226 3285 301 3353 spice
319 3285 389 3338 enim
400 3283 487 3354 prima
499 3286 606 3354 septimi
614 3285 694 3340 Ethi-
771 3282 794 3316 ⁴⁰
812 3283 845 3337 A.
862 3282 895 3336 F.
914 3283 948 3336 P.
966 3281 999 3335 V.
1018 3299 1071 3338 ren·
1088 3283 1169 3337 Asiae

228 3386 273 3426 ces
296 3369 400 3425 Nicom.
419 3368 482 3423 libri
504 3370 595 3437 verba,
626 3386 694 3438 quae
772 3367 796 3400 ⁶⁰
812 3366 844 3420 F.
872 3365 1039 3422 immeritum
1067 3399 1100 3407 —
1131 3368 1163 3421 L.
1190 3367 1275 3422 Innu-

227 3471 334 3510 rersum
362 3455 534 3510 Homericum
562 3470 578 3508 a
603 3455 693 3510 Philo·
814 3467 915 3505 meram

228 3540 315 3610 sopho
324 3539 439 3594 relatum
453 3538 604 3594 immediate
614 3555 692 3609 prae·
773 3538 794 3570 ⁵¹
812 3536 855 3589 Ita
882 3540 1014 3605 quotquot
1040 3536 1204 3605 inspeximus
1232 3551 1275 3591 co-

229 3625 342 3680 cedunt:
361 3623 458 3691 „Circa
473 3639 561 3678 mores
578 3624 694 3695 supien-
812 3620 886 3676 dices
904 3624 931 3674 et
949 3620 1007 3675 edd.
1027 3624 1095 3689 ant.;
1114 3620 1276 3676 recentiores

230 3711 327 3765 doram
346 3713 401 3763 tres
421 3712 483 3762 sunt
501 3707 618 3777 speeies:
637 3724 693 3763 ma·
814 3707 940 3761 omittunt
963 3723 1026 3771 avo,
1047 3710 1074 3761 et
1091 3705 1192 3760 Fratic.
1214 3721 1278 3760 uero

228 3795 301 3861 litia,
328 3793 522 3849 incontinentia
546 3798 573 3847 et
593 3793 693 3847 bestia·
773 3792 796 3824 ⁵²
812 3792 845 3844 A.
863 3791 894 3844 F.
913 3797 940 3845 et
957 3791 986 3844 V.
1007 3791 1105 3860 Africa
1129 3800 1192 3844 cero
1216 3791 1278 3844 acta

228 3880 318 3935 litas.“

231 4031 381 4086 ³²V1ns1n.
400 4030 499 4085 Aeneis
516 4030 537 4084 Ι.
557 4034 616 4085 544.
654 4069 656 4073 -
703 4029 727 4062 ³⁰
743 4026 812 4082 Ihid.
832 4027 877 4081 VI.
902 4034 957 4082 170.
1045 4027 1069 4058 ⁴²
1085 4028 1278 4082 Aarsrornnas

161 4101 228 4156 Eth.
255 4098 411 4155 Nicomach.
429 4098 489 4153 VII.
508 4104 530 4152 1.
557 4098 661 4162 (Versio
686 4102 787 4162 retusi:
817 4094 1061 4164 „Quemadmodum
1086 4095 1219 4151 Homerus
1246 4096 1279 4151 de

161 4169 281 4227 Hectore
297 4167 364 4222 tecit
381 4167 513 4221 dicentem
521 4167 657 4221 Priamum
674 4166 799 4235 quoniam
816 4164 893 4219 valde
912 4170 970 4218 erat
986 4163 1083 4229 bonus,
1102 4178 1189 4245 neque
1206 4163 1277 4219 vide-

161 4238 245 4294 batur
262 4234 313 4290 viri
329 4235 450 4291 mortalis
467 4251 535 4304 puer
552 4235 674 4302 existere,
694 4234 742 4290 sed
759 4233 836 4288 Dei.“
906 4233 929 4266 ⁴⁷
947 4231 1058 4288 Vinum.
1073 4233 1172 4288 Aeneis
1186 4231 1234 4287 ΙΙΙ.
1255 4237 1278 4286 t.
