<?xml version="1.0" encoding="UTF-8"?>
<!DOCTYPE html PUBLIC "-//W3C//DTD XHTML 1.0 Transitional//EN"
    "http://www.w3.org/TR/xhtml1/DTD/xhtml1-transitional.dtd">
<html xmlns="http://www.w3.org/1999/xhtml" xml:lang="en" lang="en">
 <head>
  <title>
</title>
<meta http-equiv="Content-Type" content="text/html;charset=utf-8" />
  <meta name='ocr-system' content='tesseract 3.04.00' />
  <meta name='ocr-capabilities' content='ocr_page ocr_carea ocr_par ocr_line ocrx_word'/>
</head>
<body>
  <div class='ocr_page' id='page_1' title='image "./dantisalligheri00wittgoog_0096.png"; bbox 0 0 2940 4808; ppageno 0'>
   <div class='ocr_carea' id='block_1_1' title="bbox 246 1340 1214 1562">
    <p class='ocr_par' dir='ltr' id='par_1_1' title="bbox 246 1340 1214 1562">
     <span class='ocr_line' id='line_1_1' title="bbox 246 1340 1214 1450; baseline 0.002 -27"><span class='ocrx_word' id='word_1_1' title='bbox 246 1342 457 1444; x_wconf 75' lang='lat' dir='ltr'><strong>DANTIS</strong></span> <span class='ocrx_word' id='word_1_2' title='bbox 491 1340 832 1450; x_wconf 80' lang='lat' dir='ltr'>ALLIGHERII</span> <span class='ocrx_word' id='word_1_3' title='bbox 864 1342 1214 1425; x_wconf 79' lang='lat' dir='ltr'>FLORENTINI</span> 
     </span>
     <span class='ocr_line' id='line_1_2' title="bbox 494 1493 940 1562; baseline 0.002 -2"><span class='ocrx_word' id='word_1_4' title='bbox 494 1493 778 1562; x_wconf 82' lang='lat' dir='ltr'><strong>nounnonmn</strong></span> <span class='ocrx_word' id='word_1_5' title='bbox 800 1496 940 1562; x_wconf 79' lang='lat' dir='ltr'><strong>nunna.</strong></span> 
     </span>
    </p>
   </div>
   <div class='ocr_carea' id='block_1_2' title="bbox 641 1652 802 1660">
    <p class='ocr_par' dir='ltr' id='par_1_2' title="bbox 641 1652 802 1660">
     <span class='ocr_line' id='line_1_3' title="bbox 641 1652 802 1660; baseline 0.006 -1"><span class='ocrx_word' id='word_1_6' title='bbox 641 1652 802 1660; x_wconf 71' lang='lat' dir='ltr'>——u-</span> 
     </span>
    </p>
   </div>
   <div class='ocr_carea' id='block_1_3' title="bbox 157 1751 1313 2836">
    <p class='ocr_par' dir='ltr' id='par_1_3' title="bbox 355 1751 1153 2082">
     <span class='ocr_line' id='line_1_4' title="bbox 376 1751 880 1830; baseline -0.014 -12"><span class='ocrx_word' id='word_1_7' title='bbox 376 1815 378 1818; x_wconf 6' lang='grc' dir='ltr'><em>Α</em></span> <span class='ocrx_word' id='word_1_8' title='bbox 572 1751 706 1830; x_wconf 77' lang='lat' dir='ltr'><strong>[umus</strong></span> <span class='ocrx_word' id='word_1_9' title='bbox 727 1751 880 1812; x_wconf 78' lang='lat' dir='ltr'><strong>narnus</strong></span> 
     </span>
     <span class='ocr_line' id='line_1_5' title="bbox 355 1865 1153 1931; baseline 0.001 -12"><span class='ocrx_word' id='word_1_10' title='bbox 355 1865 413 1920; x_wconf 87' lang='lat' dir='ltr'><strong>DE</strong></span> <span class='ocrx_word' id='word_1_11' title='bbox 440 1865 750 1921; x_wconf 82' lang='lat' dir='ltr'>NECESSITATE</span> <span class='ocrx_word' id='word_1_12' title='bbox 778 1865 1094 1931; x_wconf 69' lang='lat' dir='ltr'><strong>munusculum]</strong></span> <span class='ocrx_word' id='word_1_13' title='bbox 1151 1904 1153 1911; x_wconf 66' lang='lat'><strong>.</strong></span> 
     </span>
     <span class='ocr_line' id='line_1_6' title="bbox 625 2005 819 2082; baseline -0.005 -11"><span class='ocrx_word' id='word_1_14' title='bbox 625 2005 759 2082; x_wconf 71' lang='lat' dir='ltr'><strong>[cisun.</strong></span> <span class='ocrx_word' id='word_1_15' title='bbox 782 2009 819 2082; x_wconf 77' lang='lat' dir='ltr'><strong>r]</strong></span> 
     </span>
    </p>

    <p class='ocr_par' dir='ltr' id='par_1_4' title="bbox 157 2137 1313 2836">
     <span class='ocr_line' id='line_1_7' title="bbox 245 2137 1280 2223; baseline -0.002 -16"><span class='ocrx_word' id='word_1_16' title='bbox 245 2138 394 2207; x_wconf 89' lang='lat' dir='ltr'><strong>Omnium</strong></span> <span class='ocrx_word' id='word_1_17' title='bbox 427 2137 605 2223; x_wconf 85' lang='lat' dir='ltr'><strong>hominum,</strong></span> <span class='ocrx_word' id='word_1_18' title='bbox 636 2140 670 2204; x_wconf 93' lang='lat' dir='ltr'><strong>in</strong></span> <span class='ocrx_word' id='word_1_19' title='bbox 703 2158 782 2221; x_wconf 92' lang='lat' dir='ltr'><strong>quos</strong></span> <span class='ocrx_word' id='word_1_20' title='bbox 817 2159 958 2206; x_wconf 91' lang='lat' dir='ltr'><strong>amorem</strong></span> <span class='ocrx_word' id='word_1_21' title='bbox 990 2138 1135 2205; x_wconf 87' lang='lat' dir='ltr'><strong>veritatis</strong></span> <span class='ocrx_word' id='word_1_22' title='bbox 1165 2145 1280 2205; x_wconf 87' lang='lat' dir='ltr'><strong>natura</strong></span> 
     </span>
     <span class='ocr_line' id='line_1_8' title="bbox 159 2239 1280 2328; baseline -0.002 -19"><span class='ocrx_word' id='word_1_23' title='bbox 159 2242 305 2328; x_wconf 88' lang='lat' dir='ltr'><strong>superior</strong></span> <span class='ocrx_word' id='word_1_24' title='bbox 326 2239 495 2324; x_wconf 82' lang='lat' dir='ltr'><strong>impressit,</strong></span> <span class='ocrx_word' id='word_1_25' title='bbox 518 2241 579 2307; x_wconf 90' lang='lat' dir='ltr'><strong>hoo</strong></span> <span class='ocrx_word' id='word_1_26' title='bbox 601 2242 740 2308; x_wconf 84' lang='lat' dir='ltr'><strong>maxime</strong></span> <span class='ocrx_word' id='word_1_27' title='bbox 753 2241 907 2308; x_wconf 83' lang='lat' dir='ltr'><strong>interesse</strong></span> <span class='ocrx_word' id='word_1_28' title='bbox 921 2240 1057 2324; x_wconf 84' lang='lat' dir='ltr'><strong>videtur,</strong></span> <span class='ocrx_word' id='word_1_29' title='bbox 1079 2245 1115 2305; x_wconf 91' lang='lat' dir='ltr'><strong>ut</strong></span> <span class='ocrx_word' id='word_1_30' title='bbox 1130 2242 1280 2322; x_wconf 90' lang='lat' dir='ltr'><strong>quemad·</strong></span> 
     </span>
     <span class='ocr_line' id='line_1_9' title="bbox 159 2341 1281 2427; baseline -0.002 -16"><span class='ocrx_word' id='word_1_31' title='bbox 159 2343 290 2411; x_wconf 90' lang='lat' dir='ltr'><strong>modum</strong></span> <span class='ocrx_word' id='word_1_32' title='bbox 312 2342 352 2408; x_wconf 91' lang='lat' dir='ltr'><strong>de</strong></span> <span class='ocrx_word' id='word_1_33' title='bbox 375 2341 486 2409; x_wconf 88' lang='lat' dir='ltr'><strong>labore</strong></span> <span class='ocrx_word' id='word_1_34' title='bbox 507 2342 708 2425; x_wconf 88' lang='lat' dir='ltr'><strong>antiquorum</strong></span> <span class='ocrx_word' id='word_1_35' title='bbox 731 2341 824 2408; x_wconf 88' lang='lat' dir='ltr'><strong>ditati</strong></span> <span class='ocrx_word' id='word_1_36' title='bbox 846 2348 928 2426; x_wconf 89' lang='lat' dir='ltr'><strong>sunt,</strong></span> <span class='ocrx_word' id='word_1_37' title='bbox 950 2342 997 2408; x_wconf 89' lang='lat' dir='ltr'><strong>ita</strong></span> <span class='ocrx_word' id='word_1_38' title='bbox 1019 2347 1051 2409; x_wconf 88' lang='lat' dir='ltr'><strong>et</strong></span> <span class='ocrx_word' id='word_1_39' title='bbox 1068 2341 1130 2425; x_wconf 91' lang='lat' dir='ltr'><strong>ipsi</strong></span> <span class='ocrx_word' id='word_1_40' title='bbox 1144 2342 1281 2427; x_wconf 82' lang='lat' dir='ltr'><strong>posteris</strong></span> 
     </span>
     <span class='ocr_line' id='line_1_10' title="bbox 157 2442 1281 2530; baseline -0.002 -17"><span class='ocrx_word' id='word_1_41' title='bbox 157 2447 379 2530; x_wconf 88' lang='lat' dir='ltr'><strong>prolaborent,</strong></span> <span class='ocrx_word' id='word_1_42' title='bbox 409 2448 564 2525; x_wconf 89' lang='lat' dir='ltr'><strong>quatenus</strong></span> <span class='ocrx_word' id='word_1_43' title='bbox 591 2444 633 2511; x_wconf 88' lang='lat' dir='ltr'><strong>ab</strong></span> <span class='ocrx_word' id='word_1_44' title='bbox 663 2443 710 2511; x_wconf 90' lang='lat' dir='ltr'><strong>eis</strong></span> <span class='ocrx_word' id='word_1_45' title='bbox 737 2444 908 2528; x_wconf 80' lang='lat' dir='ltr'><strong>posteritas</strong></span> <span class='ocrx_word' id='word_1_46' title='bbox 931 2445 1133 2525; x_wconf 88' lang='lat' dir='ltr'><strong>habeatque</strong></span> <span class='ocrx_word' id='word_1_47' title='bbox 1156 2442 1281 2511; x_wconf 85' lang='lat' dir='ltr'><strong>ditetur.</strong></span> 
     </span>
     <span class='ocr_line' id='line_1_11' title="bbox 158 2543 1313 2630; baseline -0.003 -16"><span class='ocrx_word' id='word_1_48' title='bbox 158 2547 269 2629; x_wconf 87' lang='lat' dir='ltr'><strong>Longe</strong></span> <span class='ocrx_word' id='word_1_49' title='bbox 290 2566 428 2629; x_wconf 90' lang='lat' dir='ltr'><strong>namque</strong></span> <span class='ocrx_word' id='word_1_50' title='bbox 451 2547 493 2612; x_wconf 88' lang='lat' dir='ltr'><strong>ab</strong></span> <span class='ocrx_word' id='word_1_51' title='bbox 516 2545 620 2614; x_wconf 84' lang='lat' dir='ltr'><strong>officio</strong></span> <span class='ocrx_word' id='word_1_52' title='bbox 643 2565 678 2613; x_wconf 91' lang='lat' dir='ltr'><strong>se</strong></span> <span class='ocrx_word' id='word_1_53' title='bbox 705 2565 776 2613; x_wconf 89' lang='lat' dir='ltr'><strong>esse</strong></span> <span class='ocrx_word' id='word_1_54' title='bbox 803 2566 866 2612; x_wconf 94' lang='lat' dir='ltr'><strong>non</strong></span> <span class='ocrx_word' id='word_1_55' title='bbox 895 2545 1032 2628; x_wconf 88' lang='lat' dir='ltr'><strong>dubitet,</strong></span> <span class='ocrx_word' id='word_1_56' title='bbox 1062 2545 1116 2626; x_wconf 91' lang='lat' dir='ltr'><strong>qui</strong></span> <span class='ocrx_word' id='word_1_57' title='bbox 1143 2543 1313 2630; x_wconf 79' lang='lat' dir='ltr'><strong>publicis5</strong></span> 
     </span>
     <span class='ocr_line' id='line_1_12' title="bbox 159 2640 1282 2734; baseline -0.004 -17"><span class='ocrx_word' id='word_1_58' title='bbox 159 2640 356 2725; x_wconf 74' lang='lat' dir='ltr'><strong>documentis</strong></span> <span class='ocrx_word' id='word_1_59' title='bbox 383 2649 539 2732; x_wconf 85' lang='lat' dir='ltr'><strong>imbutus,</strong></span> <span class='ocrx_word' id='word_1_60' title='bbox 575 2645 618 2712; x_wconf 89' lang='lat' dir='ltr'><strong>ad</strong></span> <span class='ocrx_word' id='word_1_61' title='bbox 644 2647 888 2734; x_wconf 87' lang='lat' dir='ltr'><strong>Rempublioam</strong></span> <span class='ocrx_word' id='word_1_62' title='bbox 915 2645 1039 2729; x_wconf 91' lang='lat' dir='ltr'><strong>aliquid</strong></span> <span class='ocrx_word' id='word_1_63' title='bbox 1066 2645 1190 2713; x_wconf 83' lang='lat' dir='ltr'><strong>adferre</strong></span> <span class='ocrx_word' id='word_1_64' title='bbox 1217 2666 1282 2714; x_wconf 92' lang='lat' dir='ltr'><strong>non</strong></span> 
     </span>
     <span class='ocr_line' id='line_1_13' title="bbox 158 2747 1282 2836; baseline -0.002 -19"><span class='ocrx_word' id='word_1_65' title='bbox 158 2755 262 2836; x_wconf 85' lang='lat' dir='ltr'><strong>ourat;</strong></span> <span class='ocrx_word' id='word_1_66' title='bbox 287 2750 459 2817; x_wconf 87' lang='lat' dir='ltr'><strong>nonenim</strong></span> <span class='ocrx_word' id='word_1_67' title='bbox 481 2755 530 2818; x_wconf 89' lang='lat' dir='ltr'><strong>est</strong></span> <span class='ocrx_word' id='word_1_68' title='bbox 551 2749 709 2834; x_wconf 83' lang='lat' dir='ltr'><strong>,‚lignum,</strong></span> <span class='ocrx_word' id='word_1_69' title='bbox 733 2748 820 2831; x_wconf 91' lang='lat' dir='ltr'><strong>quod</strong></span> <span class='ocrx_word' id='word_1_70' title='bbox 841 2768 932 2815; x_wconf 82' lang='lat' dir='ltr'><strong>secus</strong></span> <span class='ocrx_word' id='word_1_71' title='bbox 954 2747 1105 2814; x_wconf 84' lang='lat' dir='ltr'><strong>decursus</strong></span> <span class='ocrx_word' id='word_1_72' title='bbox 1126 2768 1282 2831; x_wconf 87' lang='lat' dir='ltr'><strong>aquarum</strong></span> 
     </span>
    </p>
   </div>
   <div class='ocr_carea' id='block_1_4' title="bbox 158 2849 1280 3038">
    <p class='ocr_par' dir='ltr' id='par_1_5' title="bbox 158 2849 1280 3038">
     <span class='ocr_line' id='line_1_14' title="bbox 158 2849 1279 2947; baseline -0.001 -29"><span class='ocrx_word' id='word_1_73' title='bbox 158 2850 327 2918; x_wconf 83' lang='lat' dir='ltr'><strong>fruetificat</strong></span> <span class='ocrx_word' id='word_1_74' title='bbox 357 2851 391 2916; x_wconf 93' lang='lat' dir='ltr'><strong>in</strong></span> <span class='ocrx_word' id='word_1_75' title='bbox 423 2858 566 2938; x_wconf 90' lang='lat' dir='ltr'><strong>tempore</strong></span> <span class='ocrx_word' id='word_1_76' title='bbox 598 2849 692 2935; x_wconf 86' lang='lat' dir='ltr'><strong>su0“,</strong></span> <span class='ocrx_word' id='word_1_77' title='bbox 728 2851 787 2916; x_wconf 91' lang='lat' dir='ltr'><strong>sed</strong></span> <span class='ocrx_word' id='word_1_78' title='bbox 816 2850 922 2935; x_wconf 88' lang='lat' dir='ltr'><strong>potius</strong></span> <span class='ocrx_word' id='word_1_79' title='bbox 953 2849 1133 2933; x_wconf 83' lang='lat' dir='ltr'><strong>perniciosa</strong></span> <span class='ocrx_word' id='word_1_80' title='bbox 1160 2867 1279 2947; x_wconf 86' lang='lat' dir='ltr'><strong>vorago</strong></span> 
     </span>
     <span class='ocr_line' id='line_1_15' title="bbox 158 2950 1280 3038; baseline 0 -18"><span class='ocrx_word' id='word_1_81' title='bbox 158 2972 284 3038; x_wconf 85' lang='lat' dir='ltr'><strong>semper</strong></span> <span class='ocrx_word' id='word_1_82' title='bbox 304 2952 520 3038; x_wconf 82' lang='lat' dir='ltr'><strong>ingurgitans,</strong></span> <span class='ocrx_word' id='word_1_83' title='bbox 543 2959 575 3020; x_wconf 90' lang='lat' dir='ltr'><strong>et</strong></span> <span class='ocrx_word' id='word_1_84' title='bbox 596 2972 757 3034; x_wconf 88' lang='lat' dir='ltr'><strong>nunquam</strong></span> <span class='ocrx_word' id='word_1_85' title='bbox 779 2950 975 3033; x_wconf 78' lang='lat' dir='ltr'><strong>ingurgitata</strong></span> <span class='ocrx_word' id='word_1_86' title='bbox 995 2951 1173 3019; x_wconf 85' lang='lat' dir='ltr'><strong>refundens.</strong></span> <span class='ocrx_word' id='word_1_87' title='bbox 1194 2953 1280 3022; x_wconf 50' lang='lat' dir='ltr'><strong>’Hoo</strong></span> 
     </span>
    </p>
   </div>
   <div class='ocr_carea' id='block_1_5' title="bbox 567 3151 906 3209">
    <p class='ocr_par' dir='ltr' id='par_1_6' title="bbox 567 3151 906 3209">
     <span class='ocr_line' id='line_1_16' title="bbox 567 3151 906 3209; baseline -0.012 0"><span class='ocrx_word' id='word_1_88' title='bbox 567 3168 727 3209; x_wconf 66' lang='lat' dir='ltr'><strong>annonario</strong></span> <span class='ocrx_word' id='word_1_89' title='bbox 745 3167 864 3207; x_wconf 78' lang='lat' dir='ltr'><strong>carmon.</strong></span> <span class='ocrx_word' id='word_1_90' title='bbox 903 3151 906 3155; x_wconf 88' lang='grc'>’</span> 
     </span>
    </p>
   </div>
   <div class='ocr_carea' id='block_1_6' title="bbox 156 3264 1278 4018">
    <p class='ocr_par' dir='ltr' id='par_1_7' title="bbox 156 3264 1278 4018">
     <span class='ocr_line' id='line_1_17' title="bbox 156 3264 1247 3342; baseline 0 -15"><span class='ocrx_word' id='word_1_91' title='bbox 156 3271 312 3328; x_wconf 78' lang='lat' dir='ltr'><strong>Insonmmo</strong></span> <span class='ocrx_word' id='word_1_92' title='bbox 331 3288 440 3328; x_wconf 66' lang='lat' dir='ltr'><strong>opums:</strong></span> <span class='ocrx_word' id='word_1_93' title='bbox 459 3273 501 3328; x_wconf 89' lang='lat' dir='ltr'><strong>Ita</strong></span> <span class='ocrx_word' id='word_1_94' title='bbox 509 3273 539 3327; x_wconf 91' lang='lat' dir='ltr'><strong>P.</strong></span> <span class='ocrx_word' id='word_1_95' title='bbox 550 3273 596 3340; x_wconf 91' lang='lat' dir='ltr'><strong>qui</strong></span> <span class='ocrx_word' id='word_1_96' title='bbox 604 3278 694 3326; x_wconf 84' lang='lat' dir='ltr'><strong>tamen</strong></span> <span class='ocrx_word' id='word_1_97' title='bbox 745 3270 811 3340; x_wconf 83' lang='lat' dir='ltr'><strong>Cap.</strong></span> <span class='ocrx_word' id='word_1_98' title='bbox 828 3270 850 3324; x_wconf 89' lang='lat'><strong>1.</strong></span> <span class='ocrx_word' id='word_1_99' title='bbox 870 3272 879 3304; x_wconf 88' lang='lat'><strong>¹</strong></span> <span class='ocrx_word' id='word_1_100' title='bbox 896 3264 934 3325; x_wconf 80' lang='grc' dir='ltr'><strong>Μ.</strong></span> <span class='ocrx_word' id='word_1_101' title='bbox 953 3301 984 3311; x_wconf 95' lang='lat'><em>-</em></span> <span class='ocrx_word' id='word_1_102' title='bbox 1002 3271 1038 3326; x_wconf 84' lang='lat' dir='ltr'><strong>al.</strong></span> <span class='ocrx_word' id='word_1_103' title='bbox 1056 3288 1125 3342; x_wconf 80' lang='lat' dir='ltr'><strong>quos</strong></span> <span class='ocrx_word' id='word_1_104' title='bbox 1141 3272 1180 3327; x_wconf 85' lang='lat' dir='ltr'><strong>ad</strong></span> <span class='ocrx_word' id='word_1_105' title='bbox 1195 3289 1247 3327; x_wconf 84' lang='lat' dir='ltr'><strong>am.</strong></span> 
     </span>
     <span class='ocr_line' id='line_1_18' title="bbox 192 3355 1278 3429; baseline -0.001 -18"><span class='ocrx_word' id='word_1_106' title='bbox 192 3373 243 3427; x_wconf 90' lang='lat' dir='ltr'><strong>pro</strong></span> <span class='ocrx_word' id='word_1_107' title='bbox 261 3356 362 3428; x_wconf 69' lang='lat' dir='ltr'><strong>Adipte.</strong></span> <span class='ocrx_word' id='word_1_108' title='bbox 381 3357 464 3412; x_wconf 90' lang='lat' dir='ltr'><strong>habet</strong></span> <span class='ocrx_word' id='word_1_109' title='bbox 480 3356 591 3429; x_wconf 65' lang='lat' dir='ltr'><strong>Atripe.</strong></span> <span class='ocrx_word' id='word_1_110' title='bbox 608 3389 642 3410; x_wconf 73' lang='lat'><strong>—-</strong></span> <span class='ocrx_word' id='word_1_111' title='bbox 659 3357 694 3412; x_wconf 88' lang='lat' dir='ltr'><strong>V.</strong></span> <span class='ocrx_word' id='word_1_112' title='bbox 779 3357 791 3388; x_wconf 68' lang='lat' dir='ltr'><strong>a</strong></span> <span class='ocrx_word' id='word_1_113' title='bbox 807 3357 841 3410; x_wconf 93' lang='lat' dir='ltr'><strong>A.</strong></span> <span class='ocrx_word' id='word_1_114' title='bbox 859 3355 891 3410; x_wconf 83' lang='lat' dir='ltr'><strong>F.</strong></span> <span class='ocrx_word' id='word_1_115' title='bbox 909 3355 945 3409; x_wconf 90' lang='lat' dir='ltr'><strong>H.</strong></span> <span class='ocrx_word' id='word_1_116' title='bbox 963 3355 995 3411; x_wconf 87' lang='lat' dir='ltr'><strong>L.</strong></span> <span class='ocrx_word' id='word_1_117' title='bbox 1005 3357 1036 3411; x_wconf 92' lang='lat' dir='ltr'><strong>P.</strong></span> <span class='ocrx_word' id='word_1_118' title='bbox 1050 3355 1211 3411; x_wconf 75' lang='lat' dir='ltr'><strong>u-uueu</strong></span> <span class='ocrx_word' id='word_1_119' title='bbox 1219 3355 1278 3411; x_wconf 91' lang='lat' dir='ltr'><strong>edd.</strong></span> 
     </span>
     <span class='ocr_line' id='line_1_19' title="bbox 191 3441 1214 3513; baseline -0.003 -16"><span class='ocrx_word' id='word_1_120' title='bbox 191 3441 294 3513; x_wconf 78' lang='lat' dir='ltr'><strong>Incipit</strong></span> <span class='ocrx_word' id='word_1_121' title='bbox 302 3441 533 3498; x_wconf 80' lang='lat' dir='ltr'><strong>tibermoaarclu&#39;e</strong></span> <span class='ocrx_word' id='word_1_122' title='bbox 543 3442 636 3496; x_wconf 75' lang='lat' dir='ltr'><strong>daretis</strong></span> <span class='ocrx_word' id='word_1_123' title='bbox 645 3443 694 3497; x_wconf 81' lang='lat' dir='ltr'><strong>oli·</strong></span> <span class='ocrx_word' id='word_1_124' title='bbox 808 3457 865 3511; x_wconf 81' lang='lat' dir='ltr'><strong>pro</strong></span> <span class='ocrx_word' id='word_1_125' title='bbox 878 3442 998 3512; x_wconf 63' lang='lat' dir='ltr'><strong>porrois</strong></span> <span class='ocrx_word' id='word_1_126' title='bbox 1016 3441 1139 3497; x_wconf 78' lang='lat' dir='ltr'><strong>laborent</strong></span> <span class='ocrx_word' id='word_1_127' title='bbox 1212 3461 1214 3465; x_wconf 48' lang='lat'><em>⁷</em></span> 
     </span>
     <span class='ocr_line' id='line_1_20' title="bbox 191 3524 1278 3598; baseline -0.002 -16"><span class='ocrx_word' id='word_1_128' title='bbox 191 3525 277 3582; x_wconf 68' lang='lat' dir='ltr'><strong>cteris·</strong></span> <span class='ocrx_word' id='word_1_129' title='bbox 291 3525 473 3595; x_wconf 80' lang='lat' dir='ltr'><strong>floreatiai-</strong></span> <span class='ocrx_word' id='word_1_130' title='bbox 491 3526 523 3580; x_wconf 87' lang='lat' dir='ltr'><strong>F.</strong></span> <span class='ocrx_word' id='word_1_131' title='bbox 533 3525 693 3581; x_wconf 82' lang='lat' dir='ltr'><strong>Monarctia</strong></span> <span class='ocrx_word' id='word_1_132' title='bbox 781 3524 842 3578; x_wconf 67' lang='lat'><strong>⁰1¹⁷.</strong></span> <span class='ocrx_word' id='word_1_133' title='bbox 860 3525 898 3580; x_wconf 83' lang='lat' dir='ltr'><strong>ad</strong></span> <span class='ocrx_word' id='word_1_134' title='bbox 920 3525 1062 3598; x_wconf 81' lang='lat' dir='ltr'><strong>Remputl.</strong></span> <span class='ocrx_word' id='word_1_135' title='bbox 1080 3524 1187 3594; x_wconf 80' lang='lat' dir='ltr'><strong>aliquid</strong></span> <span class='ocrx_word' id='word_1_136' title='bbox 1200 3525 1278 3594; x_wconf 77' lang='lat' dir='ltr'><strong>ferre</strong></span> 
     </span>
     <span class='ocr_line' id='line_1_21' title="bbox 191 3609 1246 3682; baseline -0.003 -17"><span class='ocrx_word' id='word_1_137' title='bbox 191 3609 421 3682; x_wconf 63' lang='lat' dir='ltr'><strong>dantmoldr&#39;perii</strong></span> <span class='ocrx_word' id='word_1_138' title='bbox 436 3609 691 3679; x_wconf 69' lang='lat' dir='ltr'><strong>deflorantis-L.</strong></span> <span class='ocrx_word' id='word_1_139' title='bbox 779 3611 789 3643; x_wconf 89' lang='lat'>⁷</span> <span class='ocrx_word' id='word_1_140' title='bbox 807 3609 839 3663; x_wconf 87' lang='lat' dir='ltr'><strong>F.</strong></span> <span class='ocrx_word' id='word_1_141' title='bbox 857 3625 912 3664; x_wconf 82' lang='lat' dir='ltr'><strong>noa</strong></span> <span class='ocrx_word' id='word_1_142' title='bbox 929 3617 970 3664; x_wconf 81' lang='lat' dir='ltr'><strong>est</strong></span> <span class='ocrx_word' id='word_1_143' title='bbox 987 3610 1091 3682; x_wconf 75' lang='lat' dir='ltr'><strong>liquam</strong></span> <span class='ocrx_word' id='word_1_144' title='bbox 1160 3629 1161 3632; x_wconf 42' lang='lat'>¹</span> <span class='ocrx_word' id='word_1_145' title='bbox 1185 3636 1187 3641; x_wconf 85' lang='lat'><strong>.</strong></span> <span class='ocrx_word' id='word_1_146' title='bbox 1243 3631 1246 3635; x_wconf 49' lang='lat'><strong>⁴</strong></span> 
     </span>
     <span class='ocr_line' id='line_1_22' title="bbox 194 3693 1277 3766; baseline -0.003 -15"><span class='ocrx_word' id='word_1_147' title='bbox 194 3695 345 3751; x_wconf 78' lang='lat' dir='ltr'><strong>Clarissimi</strong></span> <span class='ocrx_word' id='word_1_148' title='bbox 350 3702 451 3766; x_wconf 79' lang='lat' dir='ltr'><strong>poetae</strong></span> <span class='ocrx_word' id='word_1_149' title='bbox 459 3695 614 3750; x_wconf 66' lang='lat' dir='ltr'><strong>tuerentur·</strong></span> <span class='ocrx_word' id='word_1_150' title='bbox 618 3695 692 3749; x_wconf 83' lang='lat' dir='ltr'><strong>Dan·</strong></span> <span class='ocrx_word' id='word_1_151' title='bbox 778 3693 790 3726; x_wconf 79' lang='lat'>⁹</span> <span class='ocrx_word' id='word_1_152' title='bbox 806 3694 838 3747; x_wconf 87' lang='lat' dir='ltr'><strong>L.</strong></span> <span class='ocrx_word' id='word_1_153' title='bbox 856 3693 894 3748; x_wconf 90' lang='lat' dir='ltr'><strong>M.</strong></span> <span class='ocrx_word' id='word_1_154' title='bbox 904 3693 937 3748; x_wconf 89' lang='lat' dir='ltr'><strong>V.</strong></span> <span class='ocrx_word' id='word_1_155' title='bbox 947 3725 981 3735; x_wconf 93' lang='lat'><em>-</em></span> <span class='ocrx_word' id='word_1_156' title='bbox 994 3694 1024 3748; x_wconf 82' lang='lat' dir='ltr'><strong>F.</strong></span> <span class='ocrx_word' id='word_1_157' title='bbox 1034 3693 1187 3764; x_wconf 68' lang='lat' dir='ltr'><strong>Hecaerge</strong></span> <span class='ocrx_word' id='word_1_158' title='bbox 1195 3708 1277 3764; x_wconf 77' lang='lat' dir='ltr'><strong>saepe</strong></span> 
     </span>
     <span class='ocr_line' id='line_1_23' title="bbox 191 3777 1277 3855; baseline -0.001 -21"><span class='ocrx_word' id='word_1_159' title='bbox 191 3781 226 3834; x_wconf 81' lang='lat' dir='ltr'><strong>tis</strong></span> <span class='ocrx_word' id='word_1_160' title='bbox 240 3778 399 3850; x_wconf 69' lang='lat' dir='ltr'><strong>Adoptauit</strong></span> <span class='ocrx_word' id='word_1_161' title='bbox 413 3777 691 3835; x_wconf 64' lang='lat' dir='ltr'><strong>summasunmna.</strong></span> <span class='ocrx_word' id='word_1_162' title='bbox 812 3809 844 3818; x_wconf 95' lang='lat'>—</span> <span class='ocrx_word' id='word_1_163' title='bbox 855 3779 899 3855; x_wconf 69' lang='lat' dir='ltr'><strong>vA.</strong></span> <span class='ocrx_word' id='word_1_164' title='bbox 909 3778 944 3833; x_wconf 91' lang='lat' dir='ltr'><strong>H.</strong></span> <span class='ocrx_word' id='word_1_165' title='bbox 957 3779 990 3836; x_wconf 90' lang='lat' dir='ltr'><strong>P.</strong></span> <span class='ocrx_word' id='word_1_166' title='bbox 1008 3779 1085 3833; x_wconf 80' lang='lat' dir='ltr'><strong>Haec</strong></span> <span class='ocrx_word' id='word_1_167' title='bbox 1094 3777 1179 3849; x_wconf 69' lang='lat' dir='ltr'><strong>igitar</strong></span> <span class='ocrx_word' id='word_1_168' title='bbox 1195 3793 1277 3850; x_wconf 80' lang='lat' dir='ltr'><strong>saepe</strong></span> 
     </span>
     <span class='ocr_line' id='line_1_24' title="bbox 190 3864 1257 3934; baseline -0.002 -13"><span class='ocrx_word' id='word_1_169' title='bbox 190 3864 691 3934; x_wconf 83' lang='lat' dir='ltr'><strong>Librorumetcopituminscriptiones</strong></span> <span class='ocrx_word' id='word_1_170' title='bbox 1256 3870 1257 3875; x_wconf 77' lang='grc'>’</span> 
     </span>
     <span class='ocr_line' id='line_1_25' title="bbox 189 3949 597 4018; baseline 0 -15"><span class='ocrx_word' id='word_1_171' title='bbox 189 3965 245 4003; x_wconf 92' lang='lat' dir='ltr'><strong>non</strong></span> <span class='ocrx_word' id='word_1_172' title='bbox 261 3949 386 4018; x_wconf 84' lang='lat' dir='ltr'><strong>leguntur</strong></span> <span class='ocrx_word' id='word_1_173' title='bbox 403 3949 432 4005; x_wconf 90' lang='lat' dir='ltr'><strong>in</strong></span> <span class='ocrx_word' id='word_1_174' title='bbox 451 3950 597 4007; x_wconf 82' lang='lat' dir='ltr'><strong>codicibus.</strong></span> 
     </span>
    </p>
   </div>
   <div class='ocr_carea' id='block_1_7' title="bbox 225 4114 970 4272">
    <p class='ocr_par' dir='ltr' id='par_1_8' title="bbox 225 4114 970 4272">
     <span class='ocr_line' id='line_1_26' title="bbox 459 4114 970 4156; baseline -0.006 0"><span class='ocrx_word' id='word_1_175' title='bbox 459 4117 496 4156; x_wconf 76' lang='lat' dir='ltr'><strong>sn</strong></span> <span class='ocrx_word' id='word_1_176' title='bbox 513 4115 796 4156; x_wconf 78' lang='lat' dir='ltr'><strong>rnunnnnnunmonnn</strong></span> <span class='ocrx_word' id='word_1_177' title='bbox 812 4114 970 4154; x_wconf 74' lang='lat' dir='ltr'><strong>moranum.</strong></span> 
     </span>
     <span class='ocr_line' id='line_1_27' title="bbox 225 4201 647 4272; baseline -0.005 -12"><span class='ocrx_word' id='word_1_178' title='bbox 225 4201 297 4272; x_wconf 73' lang='lat' dir='ltr'><strong>Cup.</strong></span> <span class='ocrx_word' id='word_1_179' title='bbox 315 4203 342 4259; x_wconf 88' lang='grc' dir='ltr'><strong>Ι.</strong></span> <span class='ocrx_word' id='word_1_180' title='bbox 378 4202 520 4258; x_wconf 83' lang='lat' dir='ltr'><strong>⁷Psalm</strong></span> <span class='ocrx_word' id='word_1_181' title='bbox 540 4208 562 4256; x_wconf 86' lang='lat'><strong>1.</strong></span> <span class='ocrx_word' id='word_1_182' title='bbox 580 4219 603 4257; x_wconf 83' lang='lat' dir='ltr'><strong>v.</strong></span> <span class='ocrx_word' id='word_1_183' title='bbox 624 4208 647 4258; x_wconf 86' lang='lat'><strong>3.</strong></span> 
     </span>
    </p>
   </div>
   <div class='ocr_carea' id='block_1_8' title="bbox 0 0 1474 4808">
    <p class='ocr_par' dir='ltr' id='par_1_9' title="bbox 0 0 1474 4808">
     <span class='ocr_line' id='line_1_28' title="bbox 0 0 1474 4808; baseline 0 4"><span class='ocrx_word' id='word_1_184' title='bbox 0 0 1474 4808; x_wconf 95' lang='lat' dir='ltr'><strong> </strong></span> 
     </span>
    </p>
   </div>
  </div>
 </body>
</html>
