2940 4808
228 1203 450 1291 [DANTIS
473 1209 815 1290 ALLiGHERH
839 1209 1189 1292 FLORENTINI

567 1344 860 1412 uonnuennn

534 1515 659 1576 LIBER
683 1515 889 1577 SECUNDUS

185 1611 361 1680 QUOMODO
380 1611 556 1667 ROMANUS
574 1612 737 1668 POPULUS
755 1615 806 1667 DF
825 1615 917 1670 JURE
937 1615 1006 1670 SIBI
1023 1614 1246 1672 ADSOIVERIT

343 1696 520 1752 OFFICIUM
538 1697 782 1753 MONARCHIAE
801 1698 883 1754 SIVE
902 1697 1067 1765 munuum]

623 1840 744 1917 [carun
765 1841 798 1914 ni

236 1973 362 2056 „Quare
378 1971 571 2039 fremuerunt
586 1979 707 2058 gentes,
724 1979 756 2041 et
770 1974 881 2060 populi
894 1973 1038 2040 meditati
1053 1979 1126 2039 sunt
1141 1973 1272 2039 inania?

152 2074 351 2140 Adstiterunt
372 2092 464 2154 reges
487 2078 606 2157 terrae,
636 2081 668 2141 et
689 2076 849 2162 principes
879 2080 1092 2142 convenerunt
1120 2075 1154 2140 in
1175 2094 1272 2141 unum

152 2175 306 2242 adversus
320 2177 501 2260 Dominum,
525 2182 557 2242 et
578 2175 732 2244 adversus
748 2177 908 2243 Christum
930 2177 1009 2262 ejus.
1047 2177 1273 2262 Dirumpamus

153 2278 279 2344 vinnula
302 2298 420 2361 eorum,
444 2284 476 2343 et
496 2278 703 2363 projiciamus
726 2279 859 2345 anobis
878 2279 991 2363 jugum
1012 2277 1196 2364 ipsorum!“

240 2378 328 2444 Siout
341 2380 384 2445 ad
406 2379 520 2446 faeiem
536 2400 652 2445 causae
666 2401 729 2447 non
743 2380 969 2466 pertingentes,
991 2401 1108 2446 norum
1124 2380 1272 2446 effectum
1290 2403 1305 2452 5

153 2482 360 2548 communiter
381 2479 583 2565 admiramur,
607 2482 661 2566 sio,
686 2502 783 2563 quum
811 2503 939 2548 oausam
966 2481 1194 2564 cognoscimus,
1218 2500 1273 2546 eos

154 2584 209 2665 qui
231 2583 359 2649 suntin
372 2581 590 2649 admiratione
613 2586 779 2668 restantes,
803 2584 942 2665 quadam
957 2582 1113 2649 derisione
1137 2580 1271 2664 despiei-

153 2705 232 2752 mus.
272 2685 465 2750 Admirabar
486 2685 634 2766 equidem
656 2685 845 2769 aliquando,
867 2686 1044 2750 Romanum
1066 2683 1219 2768 populum
1239 2681 1273 2746 in

154 2786 238 2853 Orbe
261 2791 414 2851 terrarum
437 2787 505 2854 sine
527 2787 595 2851 ulla
615 2787 797 2853 resistentia
818 2786 916 2851 fuisse
938 2785 1149 2869 praefeotum;
1176 2802 1272 2866 quum

152 2892 275 2952 tantum
297 2887 538 2972 superficialiter
558 2888 693 2972 intuens,
716 2889 807 2953 illum
822 2886 911 2952 nullo'
929 2886 1010 2970 jure,
1034 2884 1092 2955 sed
1113 2904 1271 2952 armorum
1292 2912 1323 2964 to

153 2989 372 3055 tantummodo
395 2989 563 3074 violentia,
586 2990 760 3057 obtinuisse
784 2991 969 3055 arbitrabar.
1015 2986 1081 3055 Sed
1103 2994 1272 3073 postquam

569 3157 729 3196 Annoufflo
749 3155 866 3194 curules.

154 3258 219 3328 Cap.
238 3258 259 3312 1.
305 3259 316 3292 ³
343 3257 375 3313 F.
403 3258 433 3311 P.
464 3259 534 3312 Edd.
562 3258 689 3314 uorom-
825 3258 856 3312 P.
884 3257 917 3317 V.
943 3263 969 3312 et
995 3257 1103 3328 peridem
1135 3286 1168 3297 -
1202 3254 1273 3311 Edd.

217 3359 320 3413 pomus
814 3343 947 3413 siquidem

195 3430 205 3462 ⁵
221 3427 255 3481 H.
274 3445 372 3483 nonum
391 3429 514 3498 officium
826 3427 976 3498 aliquando
993 3427 1069 3483 deest
1090 3425 1119 3481 in
1139 3424 1196 3480 cod.
1215 3424 1272 3478 Fel.

193 3514 204 3546 ⁷
221 3514 251 3567 F.
270 3512 389 3584 quadam
407 3513 541 3568 decisione
779 3513 840 3567 9Α,
859 3512 891 3567 V.
909 3513 997 3582 fuisse
1008 3512 1166 3583 perfectam

197 3598 207 3630 ⁸
224 3598 257 3650 A.
271 3597 305 3652 H.
320 3597 531 3654 Admtrobamnr
543 3628 574 3638 -
584 3598 614 3651 P.
627 3597 688 3652 Ad·
769 3599 789 3630 ¹⁰
806 3597 874 3651 Edd.
885 3602 947 3666 post
965 3597 1054 3661 illum,
1072 3611 1126 3651 non
1136 3609 1198 3649 vero
1208 3597 1272 3663 post

221 3683 345 3739 mirabile
809 3683 915 3736 intuens
932 3681 1099 3748 distinguunt

460 3835 497 3872 AD
514 3831 799 3872 lunuRPauuAulonnu
816 3833 971 3872 namnum.

224 3935 296 4006 Gap.
315 3938 341 3992 1.
380 3938 518 3992 ¹Psalm
539 3943 560 3990 1.
580 3954 603 3990 v.
625 3941 708 3989 1-3.
744 3936 852 3989 Actus
870 3933 1026 4004 Apostol.
1045 3937 1069 3986 4.
1088 3950 1112 3986 v.
1131 3936 1172 3988 25.
1192 3935 1232 3986 27.

158 4007 178 4038 ¹¹
196 4003 300 4059 Eadem
317 4006 374 4060 fere
391 4006 495 4060 ratione
505 4007 709 4060 Enounnnnnus
728 4003 813 4057 abbas
824 4004 1023 4057 Annonnnnsrs
1041 4001 1083 4055 De
1100 4006 1162 4056 ortu
1180 4005 1207 4054 et
1219 4000 1273 4055 fine

53 4090 63 4105 ²
155 4073 271 4128 Romani
287 4074 392 4142 imperii
410 4089 468 4142 cap.
493 4079 529 4126 ll.
566 4073 767 4136 ‚,Gertissimum
785 4075 828 4124 est
845 4086 878 4124 ex
888 4070 1015 4134 historiis,
1034 4069 1105 4138 quod
1122 4069 1273 4125 Romanum

157 4157 268 4208 regnum
287 4148 313 4196 et
330 4142 470 4211 imperium
488 4142 522 4196 ab
541 4141 617 4196 initio
636 4140 761 4195 conditae
778 4139 852 4194 urbis
877 4154 930 4192 non
950 4139 1033 4192 erevit
1048 4153 1135 4206 neque
1152 4137 1273 4207 pervenit

157 4210 192 4265 ad
210 4225 288 4264 suurn
306 4213 420 4276 statum,
445 4209 497 4263 nisi
514 4209 615 4266 vicinos
633 4209 732 4279 primo,
756 4215 783 4263 et
804 4206 899 4262 deinde
921 4210 1052 4274 remotos,
1077 4222 1109 4262 ac
1126 4204 1272 4262 remotissi-
