2948 4806
148 303 254 358 XXXII
574 296 861 354 Pnouuuouuun.

202 500 302 549 manu
330 486 382 546 tua
403 476 598 571 accepimus,
625 474 775 546 dedimus
792 474 880 545 tihi“.
919 472 1056 544 Planum
1073 483 1123 543 est
1149 482 1269 562 autem,

201 604 287 701 quod
314 603 399 699 Papa
427 613 475 673 est
500 627 596 673 verus
620 602 756 673 vicarius
772 598 891 672 Christi
915 599 948 670 in
976 611 1070 671 terra.
1108 599 1165 671 lllo
1190 625 1267 695 ergo

198 730 271 825 jura
314 730 542 825 temporalium
588 729 824 801 administratio
861 728 1064 798 conceditur
1084 727 1188 823 Papae
1229 728 1269 798 ah

201 857 410 953 Imperatore,
438 867 469 927 et
495 858 651 953 recipitur
678 857 821 952 abipso,
848 879 911 950 quo
936 853 1009 948 jure
1029 856 1268 950 praedictorum

203 985 363 1056 honorum
393 985 630 1057 administratio
657 984 812 1079 recipitur
838 1008 854 1053 a
882 980 961 1072 Deo,
991 992 1022 1052 et
1049 983 1142 1054 datur
1170 981 1270 1052 uene

151 1111 174 1182 l.
204 1111 237 1182 8.
265 1112 370 1208 „Papa
397 1123 445 1183 est
471 1112 815 1207 caputdiscipulorum
840 1121 871 1180 et
886 1109 1120 1206 Apostolorum
1137 1108 1270 1181 Christi.

203 1237 267 1310 Sed
295 1240 335 1310 de
362 1238 530 1335 discipulis
546 1222 666 1311 Christi
685 1239 808 1309 dictum
829 1248 893 1308 est:
920 1237 1011 1328 „Nisi
1030 1237 1083 1333 qui
1099 1237 1272 1308 renuncia·

200 1367 283 1438 verit
320 1368 472 1439 omnihus
511 1391 591 1462 quae
627 1367 785 1462 possidet,
829 1388 894 1435 non
930 1373 1036 1460 potest
1072 1389 1164 1434 niens
1199 1389 1271 1436 esse

202 1493 410 1589 discipulus“.
449 1493 538 1590 Ergo
565 1494 701 1584 videtur,
728 1492 813 1589 quod
832 1492 917 1588 Papa
946 1516 1044 1587 super
1071 1492 1273 1587 temporalia,

204 1629 397 1716 potestatem
435 1646 500 1692 non
529 1620 643 1693 haheat
659 1675 770 1693 .....
786 1618 848 1690 lsta
885 1619 946 1690 luit
972 1619 1124 1690 instantia
1151 1618 1271 1690 Juliani

202 1747 354 1820 haeretici
375 1747 601 1840 (Eclanensis),
628 1750 683 1845 qui
709 1750 793 1821 hona
820 1746 1059 1842 patrimonialia
1079 1745 1274 1818 Christianis

203 1876 372 1966 auterens,
413 1875 554 1967 dicebat,
588 1875 736 1946 Christus
765 1884 876 1946 noster
903 1873 982 1944 dixit
1008 1875 1041 1944 in
1076 1873 1272 1967 Evangelio:

202 2002 286 2093 „Qui
303 2027 368 2074 non
396 2005 653 2075 renunciaverit“
678 2011 738 2074 etc.
791 2001 865 2073 Non
893 2011 943 2073 est
968 2011 1077 2074 tamen
1093 2002 1132 2072 de
1148 2002 1275 2072 ratione

203 2130 283 2201 vitae
299 2131 460 2226 perlectae
477 2141 511 2203 et
526 2130 760 2226 discipulorum
778 2127 908 2219 Christi,
936 2128 1016 2199 nihil
1043 2129 1273 2224 temporalium

204 2257 386 2352 possidere,
420 2282 520 2353 quum
558 2258 619 2353 ipsi
653 2259 753 2329 multa
794 2256 983 2353 temporalia
1027 2258 1059 2327 in
1103 2256 1274 2327 communi

203 2384 362 2456 haherent
379 2439 490 2455 .....
514 2384 596 2456 Nam
624 2384 787 2457 Abraham
815 2386 980 2483 perlectus
1009 2384 1109 2454 homo
1136 2392 1214 2475 erat,
1243 2394 1276 2454 et

205 2510 323 2582 multas
350 2511 474 2584 divitias
502 2512 647 2585 habehat.
684 2513 854 2585 Possidere
881 2537 960 2606 ergo
983 2512 1117 2600 divitias,
1144 2533 1213 2581 nnn
1241 2520 1277 2580 ut

204 2641 237 2711 in
265 2641 312 2711 eis
338 2664 413 2736 spes
446 2646 596 2736 ponatur,
622 2641 678 2712 sed
699 2652 733 2712 ut
754 2641 787 2712 in
815 2641 861 2712 eis
888 2640 1034 2712 divinum
1052 2646 1273 2737 'praeceptum

205 2767 377 2862 impleatur
391 2766 429 2838 ad
442 2769 621 2863 praesentis
637 2769 719 2839 vitae
737 2769 1016 2856 sustentationem,
1034 2766 1072 2836 ad
1092 2788 1274 2861 pauperum

204 2895 425 2988 erogationem
454 2905 487 2965 et
512 2897 665 2967 virtutum
684 2897 906 2992 operationem
927 2905 975 2966 est
991 2894 1030 2965 de
1051 2895 1174 2964 ratione
1192 2892 1276 2962 vitae

204 3020 438 3116 Apostolieae“.

387 3254 471 3309 AUG.
490 3255 548 3310 Tu.
566 3256 690 3311 XXXVI.
708 3261 731 3310 6.
760 3256 803 3320 (D.
821 3255 903 3310 MON.
921 3255 969 3309 III.
990 3261 1038 3308 tet

204 3391 301 3484 „Plus
324 3405 430 3490 potest
455 3395 634 3493 Imperator
667 3421 763 3494 quam
791 3396 893 3490 Papa,
930 3394 1022 3489 eujus
1057 3397 1187 3488 signnm
1217 3408 1278 3486 est,

205 3521 278 3616 quia
305 3545 380 3592 eum
409 3525 441 3594 iu
470 3550 566 3598 suum
595 3525 749 3596 auxilium
777 3533 869 3593 vocat
895 3523 933 3593 ad
966 3522 1190 3593 defensionem
1214 3522 1279 3593 Ee-

207 3647 323 3719 clesiae
341 3704 450 3723 .....
469 3649 527 3722 Est
548 3652 734 3742 dicendum,
752 3648 837 3746 quod
856 3650 917 3720 hoe
937 3651 1058 3745 ipsum,
1084 3649 1169 3746 quod
1189 3650 1277 3747 Papa

205 3786 298 3846 vocat
323 3776 555 3872 lmperatorem
578 3780 610 3849 in
639 3804 734 3851 suum
755 3778 909 3850 auxilium
934 3789 965 3848 et
983 3776 1148 3849 Ecclesiae
1164 3776 1279 3849 delen·

207 3903 332 3975 sionem
369 3928 385 3974 a
421 3903 503 4001 Papa
540 3906 635 3977 hahet
671 3908 841 3978 causaliter
876 3906 1036 3994 effective,
1070 3915 1102 3997 et
1135 3905 1277 3975 finaliter

206 4030 427 4123 terminative‚
454 4059 554 4130 quum
583 4035 724 4130 gladium
754 4035 955 4130 imperialem
984 4032 1090 4103 solum
1119 4033 1152 4102 in
1182 4032 1280 4103 mini-

207 4156 341 4229 sterium
369 4158 428 4228 Dei
455 4173 582 4233 constet
606 4163 666 4233 sihi
694 4187 763 4233 esse
791 4162 932 4233 datum“.
