2940 4808
200 327 240 387 54
503 324 642 380 DANTIS
659 325 879 381 MONARCHIA
894 325 930 381 11.
948 325 977 380 0.
996 331 1019 380 5.

198 500 264 566 tiae
293 498 477 582 resistendi,
506 518 602 580 quum
630 518 752 583 pauper
780 499 953 581 exsistenS,
983 519 1040 583 pro
1068 496 1132 565 fide
1162 517 1226 580 qua
1248 499 1322 565 Rei-

200 602 348 687 publicae
370 602 552 685 tenebatnr,
576 601 646 666 auri
665 601 786 683 grande
808 598 933 684 pondus
957 601 1100 666 oblatum
1122 599 1250 684 derisit,
1286 620 1328 668 ac

202 703 356 787 derisum,
379 703 479 768 verba
502 703 564 767 sibi
582 702 804 769 convenientia
825 700 975 784 fundens,
1000 701 1163 785 despexit,
1187 705 1220 768 et
1241 702 1326 769 refu-

150 829 182 881 55
202 805 305 870 tavit?
337 804 440 888 Hujus
464 804 559 870 etiarn
582 804 766 870 memoriam
789 803 987 870 confirmavit
1007 804 1135 869 Poeta
1161 809 1273 869 noster
1292 803 1329 869 in

202 912 310 990 sexto,
335 926 406 972 cum
428 910 570 972 caneret:

508 1081 513 1092 .
552 1080 557 1092 .
596 1076 602 1090 .
640 1080 646 1091 .
682 1053 819 1107 parvoque
836 1043 974 1107 potentem

506 1123 671 1178 Fabricium.

287 1242 451 1326 Numquid
461 1265 525 1310 non
539 1243 739 1329 praeferendi
754 1244 843 1325 leges
857 1242 994 1328 propriis
1007 1242 1192 1327 commodis,
1205 1263 1321 1310 memo·

151 1373 182 1424 70
201 1348 302 1414 rabile
341 1346 433 1412 nobis
473 1346 639 1430 exemplar
672 1345 871 1411 Camillus
914 1345 995 1411 fuit?
1041 1345 1111 1429 qui,
1149 1344 1331 1419 secundum,

200 1450 371 1531 Livium,
395 1446 562 1513 damnatus
585 1447 698 1529 exilio,
728 1451 898 1530 postquam
927 1446 1063 1532 patriam
1085 1447 1237 1514 liberavit
1268 1448 1335 1514 ob'

200 1570 336 1634 sessam,
366 1555 398 1616 et
420 1549 524 1634 spolia
552 1549 648 1614 etiam
669 1550 813 1615 Romana
842 1550 962 1615 Romae
992 1547 1147 1632 restituit,
1171 1547 1319 1615 universo

199 1652 318 1737 populo
340 1652 548 1734 reclamante,
573 1652 614 1717 ab
636 1651 714 1716 urbe
737 1655 847 1715 sancta
863 1648 1024 1733 discessit,
1047 1669 1106 1715 nec
1122 1653 1198 1716 ante
1217 1671 1319 1716 rever-

200 1773 254 1819 sus
276 1760 339 1836 est,
363 1772 458 1834 quam
480 1752 542 1817 sibi
556 1751 751 1838 repatriandi
771 1752 902 1818 licentia
917 1750 957 1817 de
978 1752 1167 1817 auctoritate
1186 1750 1320 1818 Senatus

152 1881 183 1931 75
202 1855 303 1919 allata
317 1858 374 1920 est.
411 1853 453 1918 Et
468 1851 550 1927 hunc
564 1853 800 1936 magnanimum
815 1854 939 1919 Poeta
954 1852 1154 1919 commendat
1167 1853 1202 1918 in
1220 1858 1320 1937 sexto,

200 1975 296 2039 quum
319 1955 409 2022 dicit:

448 2130 453 2142 .
491 2130 496 2142 .
534 2129 541 2142 .
575 2087 736 2142 referentem
754 2088 830 2156 signa
850 2086 999 2142 Camillum.

284 2210 397 2274 Nonne
418 2208 517 2292 filios,
541 2228 582 2272 an
603 2229 666 2275 non
685 2228 794 2275 omnes
816 2208 912 2289 alios,
935 2207 1174 2292 postponendos
1196 2209 1322 2294 patriae

200 2310 355 2393 libertati,
379 2309 524 2375 Brutus
546 2310 602 2375 ille
624 2311 743 2395 primus
767 2308 916 2376 edocuit?
948 2328 1042 2391 quem
1065 2311 1206 2377 Livius
1229 2310 1317 2395 dicit,

229 2512 252 2544 ⁶⁴
269 2510 302 2564 V.
320 2510 401 2565 caba
419 2511 605 2565 convenientia
635 2527 640 2534 ·
870 2511 900 2565 L.
919 2510 1075 2581 exemplam

226 2597 249 2631 ⁰⁶
266 2597 346 2650 etiam
368 2596 439 2650 inter
466 2594 572 2651 codices
599 2595 676 2649 abest
698 2595 733 2649 ab
811 2597 834 2631 ⁷2
849 2594 881 2648 F.
899 2595 931 2651 L.
948 2595 986 2649 Μ.
1004 2596 1034 2649 P.
1053 2597 1188 2652 obsessam
1206 2597 1296 2669 spolia

265 2697 320 2735 uno
339 2680 372 2734 V.
390 2686 417 2733 et
434 2684 577 2748 praeterea
593 2681 628 2734 ab
648 2680 706 2734 edd.
811 2681 835 2714 ⁷³
851 2680 881 2733 P.
900 2680 934 2734 ab
952 2681 1019 2735 arbe
1036 2687 1135 2735 sanata

284 2767 317 2818 A.
339 2765 371 2818 F.
395 2764 428 2818 L.
449 2763 488 2816 M.
510 2764 539 2817 P.
563 2764 595 2818 V.
619 2770 646 2820 et
674 2764 732 2819 edd.
811 2766 834 2798 ⁷⁵
851 2765 885 2817 A.
904 2765 996 2819 oblata
1013 2795 1046 2804 -
1064 2765 1096 2819 L.
1113 2765 1193 2821 illata

266 2848 366 2918 antiqq.
391 2880 423 2888 -
447 2849 479 2902 V.
501 2855 527 2904 et
549 2849 608 2904 edd.
633 2854 733 2905 recent.
870 2849 984 2904 Turrius
997 2848 1143 2916 etFratic.‚
1161 2850 1253 2905 neseio
1267 2864 1319 2919 qua

267 2935 411 3002 confirmat
853 2934 1015 2988 auctoritate
1032 2933 1111 3000 moti,
1129 2940 1200 2990 esset

226 3019 249 3052 ⁶⁹
266 3019 298 3072 Α.
317 3019 381 3072 Nom
405 3026 431 3072 et
449 3018 516 3088 qaid
528 3018 624 3089 praef.
650 3047 684 3057 -
701 3017 734 3071 V.
814 3018 838 3050 ⁷⁸
853 3018 888 3073 A.
907 3017 1014 3072 Numae

266 3103 331 3157 Nom
349 3102 418 3173 qm'd
428 3103 525 3174 praes.
871 3102 904 3155 A.
921 3103 953 3157 L.
972 3103 1010 3157 M.
1024 3104 1239 3175 praeponendos

227 3189 251 3219 ⁷⁰
267 3186 301 3240 H.
318 3189 473 3242 memoriale

268 3355 632 3412 ⁶⁵Eunn0n11Breviarium
649 3357 683 3408 H.
703 3361 726 3409 l.
759 3356 799 3411 cf.
817 3358 960 3412 Anonorus
984 3357 1138 3413 convivium
1160 3359 1178 3413 l.
1200 3374 1223 3412 c.
1254 3357 1324 3425 „obi

200 3423 262 3479 dira
280 3422 329 3477 ebe
345 3424 423 3493 fosse
440 3440 524 3478 senza
542 3425 634 3479 divina
658 3426 816 3496 spirazr'oae
840 3425 986 3491 debriato,
1009 3425 1117 3495 infinita
1138 3428 1221 3497 quasi
1236 3426 1323 3481 molti-

201 3492 294 3547 tmdr'ae
319 3491 395 3546 doro
420 3492 584 3561 effetanda,
614 3509 667 3562 per
692 3508 747 3546 non
773 3494 863 3549 volere
889 3494 1082 3549 abbandonam
1113 3510 1164 3549 sca
1212 3496 1320 3550 atrial“

199 3560 310 3629 Purgat.
327 3559 387 3614 XX.
406 3565 446 3614 25.
535 3562 558 3594 ⁶⁶
578 3561 688 3614 Vmern.
710 3562 777 3616 Aen.
799 3562 845 3616 VI.
864 3567 922 3617 844.
1008 3562 1149 3616 ⁷¹L1vrns
1195 3605 1201 3618 .
1228 3568 1269 3629 32,
1288 3566 1322 3627 44

199 3634 275 3683 -46,
293 3633 334 3683 49.
369 3627 408 3682 of.
427 3629 599 3683 Enrnomnm
615 3629 633 3682 l.
652 3645 676 3684 c.
695 3630 714 3682 I.
737 3634 773 3684 18.
800 3635 827 3685 et
844 3632 986 3686 Anonoms
1005 3629 1160 3685 Convivium
1184 3633 1245 3686 loeo
1267 3646 1320 3701 quo

200 3712 296 3767 supra:
331 3695 404 3762 „Ubi
419 3696 481 3751 dira
499 3696 529 3751 di
546 3696 674 3762 Camillo,
697 3698 895 3770 sbaadeppe'ato
912 3717 927 3753 e
949 3700 1071 3755 racciolo
1089 3700 1117 3752 ia
1135 3700 1227 3765 esitio,
1249 3714 1323 3754 esser

199 3771 331 3820 venatoa
356 3763 471 3820 b’berare
487 3764 576 3820 Roma
599 3773 695 3820 contro
718 3766 769 3821 alb'
787 3769 850 3822 suoi
865 3768 977 3833 nemici,
1001 3783 1016 3821 e
1034 3766 1108 3838 dopo
1132 3767 1160 3821 la
1181 3784 1233 3821 sua
1258 3767 1322 3822 b'be-

199 3834 313 3887 razione
333 3840 573 3903 spontaneameate
593 3849 682 3888 essere
703 3841 811 3891 tornato
837 3837 865 3890 im
889 3835 965 3889 esr'b'o
982 3851 1038 3906 per
1062 3852 1116 3890 mon
1136 3835 1275 3905 offendere
1294 3835 1322 3890 la

199 3902 337 3954 senatoria
367 3901 502 3963 autemid,
529 3918 613 3955 senza
645 3902 737 3957 divina
767 3904 965 3973 e'stipazr'one?“
1069 3902 1225 3958 ⁷⁵V1no1n.
1253 3903 1322 3958 Aen.

198 3967 245 4020 VI.
264 3973 322 4022 826.
426 3970 449 4002 ⁷⁹
472 3969 573 4024 Lrvrus
597 3969 631 4022 ΙΙ.
651 3975 674 4024 5.
724 3969 1021 4025 Of.0nos1nmII.5.
1062 3972 1185 4026 Vnnnnn
1206 3972 1323 4026 Mnxrnn

199 4034 345 4092 Memorab.
364 4037 396 4090 V.
407 4041 430 4091 8.
443 4043 465 4090 1.
499 4039 606 4092 Annnn.
621 4037 731 4092 Vrcnon
748 4038 790 4093 De
806 4039 870 4092 viris
887 4039 985 4093 illustr.
1004 4055 1063 4109 cap.
1084 4045 1115 4093 10
1133 4046 1160 4095 et
1177 4040 1321 4096 Aucroms

201 4103 354 4159 Conuiuium
371 4106 388 4159 l.
407 4121 430 4159 c.
465 4105 535 4172 „Cbe'
557 4106 619 4160 dard
640 4106 670 4159 di
688 4106 842 4177 Torquato,
865 4106 1036 4178 qiadieatore
1060 4109 1106 4162 del
1121 4124 1172 4162 sao
1192 4109 1321 4179 fiplr'aolo

200 4187 218 4223 a
235 4178 321 4226 marte
333 4189 389 4244 per
405 4189 498 4227 amore
516 4173 563 4227 del
575 4174 703 4246 pabbb'eo
722 4175 800 4239 bene,
824 4190 908 4228 senza
926 4175 1018 4230 dicimo
1035 4177 1160 4248 ajutorio
1179 4179 1221 4232 eio'
1240 4193 1321 4232 avere

199 4238 330 4308 sofferto?
348 4258 362 4294 e
380 4242 465 4294 Bruto
479 4241 607 4310 predatio
625 4241 791 4296 similmemte.
