2940 4808
468 112 603 168 DANTIS
620 113 841 169 MONARCHIA
857 115 892 168 11.
912 115 940 171 0.
960 120 983 169 5.
1244 117 1283 178 53

139 285 365 368 studuerunt,
389 284 417 349 si
438 287 634 370 provincias,
664 287 692 352 si
720 286 823 354 socios
853 288 1015 369 aequitate
1040 294 1073 354 et
1094 289 1157 358 fide
1179 290 1285 359 defen-

157 388 299 472 dissent;
322 387 431 469 itaque
452 384 534 451 illud
548 389 758 471 patrocinium
780 389 866 455 orbis
880 393 1035 455 terrarum
1049 390 1166 475 potius,
1190 410 1286 474 quam
1304 413 1336 464 ts

155 491 334 575 hperium
355 493 480 574 poterat
501 489 687 556 nominari.“
730 491 820 557 Haec
842 490 993 558 Cicero.

247 592 298 657 De
320 591 507 676 personis
530 594 637 682 autem
660 592 943 676 singularibus
966 593 1192 676 compendiose
1213 618 1285 681 pro-

157 693 298 779 grediar.
342 691 506 775 Numquid
533 713 597 759 non
626 693 744 760 bonum
772 714 936 760 commune
957 694 1134 763 intendisse
1158 696 1286 765 dicendi

158 801 250 880 sunt,
280 794 336 877 qui
364 792 494 877 sudore,
525 794 579 875 qui
607 800 811 880 paupertate,
842 797 897 879 qui
924 799 1038 882 exilio,
1068 799 1122 881 qui
1147 799 1285 866 filiorum

158 898 343 980 orbatione,
367 896 421 978 qui
436 896 607 963 amissione
621 897 848 982 membrorum,
873 899 926 980 qui
949 899 1085 982 deniquo
1107 901 1284 967 animarum
1302 923 1335 974 su

161 1000 326 1068 oblatione
348 998 466 1064 bonum
488 998 651 1082 publicum
674 1018 833 1082 exaugere
858 1002 964 1067 conati
986 1003 1080 1067 sunt?

246 1102 360 1168 Nonne
382 1099 650 1182 Cincinnatus
672 1101 727 1167 ille
750 1105 894 1167 sanctum
911 1104 1005 1169 nobis
1028 1103 1157 1186 reliquit
1179 1125 1284 1171 exem-

159 1205 266 1290 plum,
295 1201 397 1267 libere
427 1198 608 1284 deponendi
637 1199 824 1284 dignitatem
852 1204 886 1268 in
914 1205 1064 1288 termino,
1095 1224 1205 1289 quum,
1236 1225 1286 1271 as·
1316 1211 1319 1217 '

161 1308 306 1389 sumptus
334 1304 376 1369 ab
405 1305 528 1407 arptro,
558 1301 706 1369 Dictator
726 1303 828 1370 iactus
851 1309 914 1390 est,
943 1311 979 1371 ut
1001 1307 1144 1373 Livius
1165 1306 1284 1373 refert?

161 1407 203 1472 Et
223 1410 299 1491 post
320 1404 501 1487 victoriam,
528 1409 602 1489 post
623 1405 833 1491 triumphum,
863 1413 987 1492 sceptro
1009 1409 1214 1494 imperatorio
1237 1429 1284 1474 re-
1304 1431 1335 1481 55

161 1509 271 1574 stituto
301 1505 507 1589 Consulibus,
539 1504 707 1573 sudaturus
736 1512 810 1591 post
838 1509 938 1587 boves
967 1510 1011 1575 ad
1039 1511 1155 1576 stivam
1185 1510 1286 1577 libere

160 1628 308 1675 reversus
330 1613 387 1675 est.
430 1607 556 1692 Quippe
578 1608 611 1672 in
640 1609 710 1693 ejus
737 1609 868 1677 laudem
892 1610 1049 1695 Cicero,
1079 1616 1188 1677 contra
1209 1611 1284 1697 Epi-

161 1730 279 1795 curum,
301 1709 388 1774 iniis
412 1728 493 1790 quae
516 1708 557 1775 de
571 1710 651 1776 Fine
675 1711 837 1795 bonorum,
861 1711 1052 1798 disceptans,
1076 1713 1172 1797 hujus
1188 1714 1283 1780 bene-

159 1813 225 1879 ficii
246 1832 367 1878 memor
387 1809 460 1876 fuit:
483 1811 646 1896 „Itaque,“
668 1812 785 1896 inquit,
809 1817 861 1896 „et
878 1811 1017 1896 majores
1032 1814 1133 1878 nostri
1150 1814 1192 1879 ab
1215 1833 1284 1878 ara

159 1920 208 1982 tro
232 1914 389 1980 duxerunt
411 1911 631 1978 Cincinnatum
652 1914 757 1998 illum,
780 1921 815 1978 ut
837 1914 983 1980 Dictator
1005 1913 1120 1980 esset.“
1303 1939 1335 1991 00

245 2016 360 2081 Nonne
381 2014 596 2080 Fabricius
618 2016 718 2080 altum
745 2016 838 2082 nobis
864 2014 953 2083 dedit
975 2017 1157 2102 exemplum
1180 2017 1283 2083 avari-

186 2219 210 2252 Μ
227 2216 391 2272 studuerunt
407 2215 484 2271 deest
500 2216 529 2270 in
546 2216 578 2269 F.
815 2215 885 2270 Edd.
904 2217 1070 2273 subodoratus
1094 2218 1234 2287 (Princeps
1256 2218 1285 2272 in

187 2305 212 2336 ⁴⁸
229 2303 261 2356 L.
279 2302 316 2356 M.
330 2301 530 2373 progrediatur
816 2317 899 2369 marg.
918 2301 1051 2368 subditus)

186 2390 210 2423 ⁵⁰
226 2387 257 2441 P.
268 2387 433 2442 abscissione
445 2386 591 2455 (inmarg.:
610 2384 696 2451 „abas
832 2385 864 2438 F.
882 2385 919 2440 ad
935 2387 1024 2442 scions
1047 2417 1082 2426 -
1106 2387 1177 2440 alias
1201 2386 1285 2441 situas

228 2473 401 2537 amusione‘b
815 2500 849 2507 -
866 2469 897 2523 M
915 2470 953 2525 ad
968 2487 1020 2525 sua
1037 2501 1071 2510 -
1082 2471 1116 2524 A.
1134 2477 1161 2525 ct
1178 2473 1285 2525 asinam

186 2559 209 2592 ⁵¹
226 2557 265 2611 M.
284 2561 311 2610 et
328 2555 388 2610 edd.
407 2571 510 2627 cupae
833 2553 928 2620 iibere,
947 2554 1019 2623 quod
1036 2555 1138 2609 habent
1150 2555 1182 2608 F.
1199 2556 1233 2609 H.
1252 2557 1283 2609 L.

187 2643 209 2676 ⁵³
226 2642 264 2696 M.
282 2643 311 2695 iu
328 2641 421 2695 animo
438 2670 470 2680 -
483 2639 515 2692 L.
534 2639 562 2692 iu
580 2654 650 2710 apro
662 2669 697 2677 —
815 2638 852 2691 M.
870 2639 900 2693 P.
918 2640 952 2694 V.
981 2639 1110 2694 omittunt
1126 2640 1160 2693 A.
1179 2644 1206 2694 et
1224 2640 1284 2695 edd.

226 2726 259 2780 F.
278 2727 307 2781 in
326 2731 382 2781 toto
773 2723 796 2755 ⁵⁸
812 2722 846 2775 H.
864 2723 895 2776 L.
913 2723 943 2776 P.
962 2723 995 2777 V.
1019 2723 1169 2795 disjectaus
1193 2755 1227 2762 —
1250 2724 1283 2777 A.

185 2813 209 2847 ⁵⁹
225 2812 261 2867 H.
278 2812 310 2865 L.
328 2811 367 2864 M.
385 2810 416 2862 P.
433 2807 466 2862 V.
494 2811 521 2862 et
544 2806 630 2862 versio
648 2806 695 2860 Fi·
814 2807 926 2862 diaerat

227 2895 282 2952 cini
302 2926 337 2936 -
364 2895 396 2948 F.
417 2892 577 2948 subditurus
606 2891 696 2953 (Zatta
774 2892 796 2925 ⁰¹
814 2891 845 2944 F.
870 2891 904 2944 H.
923 2891 957 2945 P.
980 2891 1013 2945 V.
1033 2896 1061 2946 et
1085 2894 1173 2948 versio
1195 2893 1284 2948 Ficini
1358 2955 1361 2958 y

227 2981 362 3042 subdituri
372 3008 406 3019 —
420 2980 453 3031 A.
471 2994 500 3032 sa
518 2978 647 3032 daturum
660 3005 695 3015 —
812 3006 846 3014 -
863 2977 895 3030 A.
914 2977 945 3030 L.
964 2977 998 3030 Μ.
1028 2980 1055 3031 et
1082 2978 1142 3032 edd.
1165 2982 1283 3047 (praeter

813 3060 950 3126 Turrium)
967 3061 1082 3116 aiterum
1100 3063 1256 3134 exemplum

228 3251 251 3286 ⁵⁴
268 3250 368 3304 Livius
384 3248 431 3301 VI.
450 3251 492 3312 28,
511 3251 551 3302 29.
622 3248 644 3280 ⁵⁷
662 3245 790 3301 Onosruu
806 3247 890 3315 magis
926 3261 988 3301 uam
1009 3247 1115 3301 Livium
1140 3251 1282 3317 sequutum

156 3335 219 3376 esse
236 3325 377 3373 auctorem
393 3321 524 3382 nostrum,
541 3314 614 3369 illius
624 3314 723 3369 docent
738 3316 828 3381 rerba,
847 3330 914 3384 quae
942 3315 1058 3369 abentur
1074 3317 1103 3369 in
1121 3317 1178 3384 ejus
1188 3315 1281 3370 Histo-

156 3389 206 3444 riis
223 3388 258 3442 Π.
279 3391 319 3440 12.
355 3385 514 3452 „Quinctius
523 3383 699 3438 Cincinnatus
710 3423 717 3437 .
727 3423 733 3435 .
744 3423 768 3436 ..
787 3383 988 3438 Dictator
1006 3382 1051 3451 qui
1074 3388 1196 3452 repertus
1214 3383 1281 3448 ruri,

156 3457 193 3512 ab
215 3459 307 3511 aratro
331 3453 479 3508 accersitus
503 3451 538 3506 ad
559 3451 660 3516 fasces,
679 3456 787 3519 sumpto
802 3451 917 3518 honore,
945 3455 1132 3519 instructoque
1154 3451 1280 3518 exercitu,

151 3525 252 3606 iugum
274 3525 357 3578 boum
383 3521 459 3590 equis
482 3520 620 3588 imposuit,
643 3518 836 3588 victoriamque
861 3519 939 3589 quasi
966 3518 1062 3575 stivam
1084 3526 1193 3584 tenens,
1216 3519 1280 3574 sub·

152 3596 265 3663 Jugatos
282 3591 375 3646 hostes
392 3604 458 3658 prae
476 3604 505 3643 se
523 3587 626 3657 primus
644 3587 723 3654 egita
758 3587 798 3642 cf.
816 3588 958 3643 Auononrs
976 3586 1073 3641 Parad.
1091 3586 1137 3641 VI.
1156 3592 1197 3641 46.

483 3712 488 3724 .
508 3713 514 3725 .
534 3713 539 3723 .
562 3711 568 3724 .
584 3670 701 3737 Quinzio
718 3670 767 3726 aba
784 3673 834 3727 dai
848 3674 922 3728 atrro

431 3740 557 3812 Naplatto
573 3741 609 3811 fu
628 3743 737 3794 nonnata

156 3828 271 3898 ejusque
290 3825 446 3880 Conuiuium
462 3827 509 3881 IV.
529 3831 554 3879 5.
578 3823 647 3891 „Cili
661 3823 725 3904 diri
742 3823 772 3878 di
787 3822 904 3889 Ouinzio
923 3822 1082 3903 Cincinnato
1098 3824 1173 3893 fatto
1190 3823 1279 3879 Ditta·

156 3901 232 3961 τωο,
250 3912 265 3949 a
282 3895 349 3949 totto
367 3894 432 3949 aaut
450 3900 558 3961 aratro,
583 3894 655 3964 dopo
680 3892 702 3946 u
718 3896 807 3962 tempo
825 3891 887 3946 aeia
909 3890 1019 3961 afficio,
1041 3907 1056 3945 s
1076 3897 1281 3973 anianaemente

157 3962 430 4097 ffiffri,uia(n1{q)’
449 3963 504 4018 ailo
521 3978 604 4017 arura
621 3976 709 4017 assare
727 3961 871 4016 tornato?“
948 3959 972 3993 ⁶⁹
988 3959 1036 4026 De,
1068 3961 1122 4015 mb.
1140 3961 1234 4016 bonor.
1252 3966 1280 4016 et
